1835 3168
756 206 1056 268 *rw-“-

258 389 261 391 ·
330 374 391 422 At
421 377 656 438 postquam
689 370 973 437 sequentibus
1005 371 1279 437 temporibus
1296 403 1310 430 ,
1342 380 1443 419 cu'rn
1460 370 1545 418 lio-'-

263 453 439 501 minum
484 452 620 500 animi
666 453 809 517 magis
840 468 886 499 se
909 450 972 499 ad
1002 452 1172 500 cultum
1219 451 1267 501 et
1295 450 1541 500 doctrinam

259 541 434 582 vertere
478 533 750 598 coepissent,
783 522 841 578 'et
872 531 1135 579 increscente
1168 534 1387 580 scientiae
1403 528 1536 596 cupi·

258 611 422 671 ditate,
455 612 677 679 studiique
708 615 891 670 amore,
925 611 1068 658 soluta
1101 611 1294 657 oratione
1316 610 1374 663 de
1405 610 1539 656 rebus

256 695 406 760 magni
449 694 696 752 momenti,
742 702 786 741 et
833 692 1097 758 praesertim
1144 690 1207 739 de·
1225 689 1536 756 philosophia,

254 777 469 840 coepisset
512 776 612 840 agi,
646 776 794 839 poesis
825 783 972 822 tamen
1003 790 1129 822 suam
1162 774 1208 821 in
1239 790 1291 821 ea
1324 772 1419 821 vim
1448 788 1542 821 non

253 845 400 903 amisit
415 890 429 914 ,
461 871 605 920 neque
635 855 692 900 ab
723 871 808 900 usu
839 853 969 918 plane
1001 852 1209 903 recessio
1254 853 1345 900 Nec
1354 852 1539 902 mix-unu

254 936 396 993 Nam,
427 944 533 982 cum
565 952 588 980 a
618 933 822 981 Dardano
855 929 1000 997 usque
1020 931 1074 979 ad
1090 931 1392 996 Pherecydem
1410 964 1424 989 ,
1456 931 1536 996 qui

251 1013 427 1079 primus
448 1004 815 1079 'pro'sa'oratione
845 1009 1078 1060 sententias
1098 1028 1210 1059 'suas
1226 1011 1397 1059 dicitur
1428 1010 1540 1059 vul-³

251 1104 408 1158 gesse,
439 1094 563 1141 mille
594 1094 765 1141 circiter
776 1079 934 1158 >'elapsi
950 1095 1053 1140 ⁷sint
1070 1093 1212 1151 anni,
1245 1094 1373 1140 facile
1404 1083 1536 1140 nobis

251 1175 514 1240 persuadere
555 1191 794 1241 possumus
811 1208 827 1234 ,
874 1173 1121 1222 hominum·
1152 1190 1279 1222 aures
1308 1175 1371 1223 ita
1399 1173 1534 1222 fuisse

252 1258 445 1302 assuetas
477 1259 665 1320 poeseos
697 1271 884 1302 numero
916 1264 961 1302 et
990 1256 1223 1314 suavitati,
1269 1265 1320 1302 ut
1343 1256 1536 1320 longum

251 1333 548 1397 requireretur
587 1343 762 1399 tempus
779 1368 793 1392 ,
834 1342 934 1381 ante
976 1350 1125 1397 quam
1142 1335 1279 1397 plane
1303 1352 1397 1382 sese
1427 1335 1536 1382 ada-

254 1421 452 1477 ptassent
491 1414 719 1470 sermoni,
761 1415 840 1477 qui
871 1412 1045 1459 minore
1075 1427 1169 1459 sese
1199 1414 1540 1497 commendabat

255 1494 519 1542 amoenitate
564 1502 610 1540 et
643 1495 872 1544 suavitate.

317 1573 494 1622 Sensim
532 1582 681 1622 tamen
727 1582 899 1623 mutata
939 1584 1007 1624 est
1036 1577 1147 1625 ratio
1161 1607 1180 1637 ,
1204 1590 1317 1642 -qua
1336 1579 1539 1642 tconjunss

251 1661 348 1701 ctae
377 1662 521 1701 essent
538 1664 541 1668 “
548 1653 829 1719 philosophia
859 1664 904 1703 et
934 1657 1108 1719 poesis,
1149 1665 1195 1705 et
1226 1658 1531 1717 necessitudo,

250 1750 367 1800 quae
409 1733 522 1782 inter
553 1748 627 1781 eas
654 1733 882 1794 obtinuit,
919 1743 987 1783 est
1016 1736 1253 1789 imminuta
1270 1737 1328 1786 'et
1360 1731 1534 1788 labefa-

250 1823 382 1866 ctata.
446 1814 759 1864 Poetae-enim
775 1826 941 1872 ,geum
970 1815 1185 1868 viderent
1214 1810 1322 1879 eos,
1364 1820 1444 1885 qui
1477 1820 1535 1870 ad

249 1888 561 1960 philosophiae
591 1909 593 1912 ·
617 1894 814 1943 studium
844 1895 1012 1945 'soluta
1043 1906 1273 1947 uterentur
1308 1902 1505 1950 oratione
1519 1939 1534 1962 ,

248 1968 528 2041 disciplinam
557 1975 683 2024 illam
714 1975 775 2024 ita
815 1977 1047 2038 excolere,
1074 1978 1218 2045 iisque
1248 1980 1400 2029 illam
1386 2000 1535 2031 mere·

248 2057 408 2104 mentis
455 2074 616 2123 augere
632 2090 647 2116 ,
692 2073 806 2123 quae
853 2059 1097 2107 subtilitate
1141 2070 1186 2107 et
1224 2063 1403 2127 argutiis
1433 2064 1526 2112 fere

247 2154 273 2184 a
302 2125 510 2184 liberiore
539 2140 724 2200 poeseos
757 2138 925 2184 ra'tione
957 2138 1090 2186 nimis
1105 2139 1416 2202 abhorrerent,
1450 2144 1525 2193 di-

246 2224 412 2264 rectam
472 2214 775 2282 philosophiae
847 2216 1085 2267 tradendae
1144 2221 1264 2271 viam
1320 2223 1524 2275 deserue-

245 2307 382 2372 runt,
430 2307 475 2346 et
525 2300 666 2364 magis
708 2316 754 2347 se
799 2300 854 2347 ad
889 2302 1108 2366 generalia
1136 2315 1367 2370 praecepta
1389 2320 1523 2356 'con-

245 2387 501 2439 verterunt,
560 2399 675 2447 quae
714 2383 805 2448 jam
847 2384 1007 2449 maiori
1038 2383 1268 2450 phantasia
1297 2389 1518 2439 ornaban-

244 2470 349 2522 tur,
395 2461 664 2529 imaginibus
696 2474 741 2512 et
773 2467 952 2531 poeticis
986 2467 1169 2516 floribus
1186 2469 1520 2522 illustrabantur

247 2551 293 2589 et
313 2607 316 2611 Α
336 2543 697 2609 perpoliebantur
712 2582 726 2604 ,
758 2552 837 2606 ut',
868 2565 920 2596 eo
953 2549 1116 2609 modo,
1146 2562 1405 2616 poematum
1436 2574 1518 2603 su-

249 2625 411 2674 avitate
456 2635 502 2674 et
545 2626 776 2677 dulcedine
807 2631 1096 2681 restituerent
1115 2632 1351 2693 damnum,
1393 2638 1515 2703 quod

249 2723 304 2754 ex
351 2707 582 2759 imminuta
630 2710 816 2761 utilitate
863 2717 906 2760 et
949 2730 1033 2761 usu
1080 2713 1125 2762 in
1171 2716 1262 2766 vita
1309 2733 1520 2768 commu-⁶

1477 2819 1522 2847 m
