1835 3168
749 202 825 259 ..(
890 207 957 281 ¹⁶³
1003 203 1081 261 ),.-

274 357 492 423 posuisset
509 392 535 417 ,,
571 357 674 405 huic
722 358 843 406 omni
886 356 1019 406 modo
1064 371 1115 402 se
1155 355 1302 403 favere
1337 354 1557 412 ostendis-

276 445 374 497 set,
415 435 541 486 n'ullo
573 436 709 496 modo
742 444 901 500 justam
938 434 1282 502 indignationem
1313 435 1552 502 aufugisset

275 534 464 576 eorum,
507 517 695 582 quibus·
724 526 820 565 erat
882 526 1008 583 pater
1049 525 1126 565 aut
1171 533 1311 584 equus
1360 527 1437 565 aut
1475 534 1557 566 res.

275 601 434 664 ltaque
488 597 546 644 ab
603 599 749 646 omni·
776 607 908 662 parte
936 599 1143 646 >instabat
1171 598 1447 663 periculum:
1490 599 1552 646 -ab

277 678 381 737 hac,
430 694 485 724 ne
532 677 653 742 apud
685 694 759 725 eos
775 711 790 736 ‚
825 692 1018 741 quorum
1048 677 1263 723 sententia
1282 676 1409 724 unice
1424 679 1557 726 aesti-

276 757 437 806 manda
469 767 609 813 esset,
643 759 766 807 nulla
797 766 911 805 esset
941 756 1083 823 gloria
1102 790 1116 815 ,
1148 756 1227 805 sed
1248 758 1398 823 potius
1429 757 1556 806 dedi-

275 838 453 903 gnatio:
487 838 545 885 ab
577 836 652 893 illa
669 872 684 897 ‚
715 855 772 885 ne
804 856 828 884 a
862 837 1033 902 populo
1058 837 1203 895 irato,
1233 848 1358 903 grata
1374 840 1554 889 victima

277 918 335 968 ad
379 918 709 968 averruncanda
747 917 864 982 mala
883 953 897 976 ,
942 917 1032 972 diis
1067 927 1306 967 voveretur
1336 921 1525 986 scriptor
1538 954 1554 980 ‚

278 1000 359 1066 qui
401 998 535 1059 fidem
577 1007 621 1046 et
662 998 924 1066 religionem
964 998 1190 1065 publicam
1231 1017 1365 1049 ausus
1403 1001 1556 1050 fuisset

277 1083 543 1145 impugnare
574 1088 619 1128 et
650 1079 889 1149 despicere.
952 1079 1114 1144 Negari
1135 1096 1225 1127 non
1245 1089 1418 1146 potest,
1449 1081 1560 1148 phi-

276 1164 488 1229 losophos
519 1165 610 1227 jam
642 1162 969 1228 antiquissimos
989 1196 1003 1220 ,
1034 1179 1056 1209 a
1082 1163 1238 1226 primis
1252 1164 1559 1228 temporibus,

275 1232 376 1308 quo*
398 1244 520 1302 bisce
552 1243 904 1304 studiis-operam
929 1257 1091 1295 navare
1105 1240 1420 1299 instituerunt,
1454 1241 1559 1305 pla-e

274 1326 358 1383 cita
400 1324 605 1371 docuisse
645 1320 701 1368 de
743 1320 839 1367 Diis
856 1353 870 1377 ,
924 1335 1039 1383 quae
1092 1320 1293 1366 omnino
1312 1338 1337 1375 a
1361 1329 1556 1385 recepta

273 1405 475 1454 doctriua
506 1411 652 1478 essent
681 1401 819 1447 aliena
832 1433 846 1455 ‚
878 1408 924 1446 et
953 1416 1163 1463 prorsus
1166 1399 1206 1446 ei
1238 1409 1550 1464 repugnarent.

279 1487 395 1534 Nam
428 1481 622 1538 Thales,
655 1497 711 1527 ne
740 1479 796 1527 de
811 1477 1059 1545 theologis,
1091 1479 1170 1543 qui
1186 1495 1289 1527 eum
1307 1490 1559 1539 antecesse-v

275 1574 406 1632 runt,
431 1564 703 1631 loquamur,
734 1559 902 1627 Thales
930 1567 975 1606 et
1005 1558 1083 1624 qui
1116 1576 1221 1621 eum
1252 1560 1390 1607 secuti
1396 1570 1550 1621 sunt,

276 1655 481 1694 naturam
523 1641 721 1690 divinam
760 1624 1074 1707 ιιιιζεὲιῑςέιιιω
1114 1649 1158 1704 et
1195 1613 1518 1706 perscrutantes
1532 1675 1559 1702 ,-

271 1708 502 1817 puriorem
544 1731 589 1771 et
628 1721 685 1769 ab
723 1720 851 1769 hisce
875 1720 1007 1785 nugis
1031 1730 1272 1788 purgatam
1304 1722 1550 1785 doctrinam

273 1808 366 1872 jam
406 1788 690 1873 docuerant3
735 1801 812 1849 sed
851 1801 1116 1871 Philosophi
1160 1802 1205 1850 hi
1221 1837 1236 1861 ‚
1276 1805 1458 1868 paucis
1476 1805 1549 1866 dj-

280 1885 463 1953 scipulis
494 1901 545 1931 ea
580 1866 839 1939 tradebant,
869 1898 947 1929 sua
957 1881 1123 1950 placita
1139 1899 1227 1930 non
1248 1884 1419 1950 scriptis
1434 1919 1450 1944 ,
1476 1886 1556 1945 vel-

278 1966 436 2014 saltem
469 1980 559 2011 non
577 1963 695 2029 nisi
707 1979 867 2027 parce,
896 1947 1237 2030 propagabant,
1257 1975 1328 2024 et,
1348 1983 1450 2014 cum
1471 1984 1553 2016 ce-¹

273 2034 480 2110 teroquin
524 2042 654 2105 deosm
670 2041 907 2107 populares
951 2042 1166 2112 colerent,
1205 2046 1361 2112 populi
1394 2047 1560 2110 oculos·

272 2134 315 2175 et
361 2133 553 2172 mentem
576 2122 640 2198 ¹in
672 2139 719 2171 se
751 2139 842 2171 non
873 2117 1203 2201 convertebant.
1267 2129 1323 2176 Et
1349 2128 1548 2194 ‘nefhaec

270 2208 452 2276 quidem
496 2206 784 2279 popularium
827 2223 1030 2254 errorum
1071 2195 1347 2276 observantia
1367 2245 1382 2269 ,
1424 2201 1544 2278 tutos

271 2298 317 2338 et
359 2304 536 2337 securos
578 2305 754 2353 semper
786 2304 862 2338 eos
887 2285 1122 2337 reddidisse
1137 2323 1166 2366 ’.
1194 2292 1394 2357 exempla
1422 2294 1551 2345 Ana-

270 2387 478 2439 xagorae,
535 2378 580 2418 et
642 2369 834 2432 Socratis
853 2379 1124 2439 praesertim
1141 2404 1157 2429 ‚
1232 2388 1313 2420 nos
1372 2373 1546 2441 docent.

270 2456 447 2516 Quanta
489 2438 623 2518 igitur
661 2428 896 2517 prudentia
940 2450 1159 2516 agendum
1201 2453 1284 2500 fuit
1312 2435 1547 2519 Euripidi,

268 2533 377 2601 qui,
414 2530 725 2599 philosopho
711 2529 889 2598 mgenio
920 2540 1080 2592 natus,
1122 2550 1264 2600 neque
1281 2569 1296 2594 ,
1338 2544 1387 2583 ut
1417 2534 1561 2607 vide.-¹>

265 2625 373 2673 tur,
420 2631 445 2659 a
490 2620 645 2665 natura
708 2613 810 2659 satis
857 2613 1028 2678 quieto
1040 2613 1188 2660 animo
1219 2613 1483 2680 praeditus,
1495 2625 1548 2666 ut

270 2713 372 2763 quae
417 2684 598 2745 sentiret
628 2703 775 2762 posset
806 2695 935 2743 silere
955 2727 971 2756 ‚
1018 2694 1230 2760 tragicam
1263 2694 1436 2753 colebat
1467 2716 1545 2770 ιιι,

1426 2764 1512 2826 toln
1528 2810 1543 2837 ‚
