1835 3168
722 168 800 234 -(
856 166 915 233 '75
975 170 1053 232 >—

243 333 333 383 ¹'des
349 342 351 345 ’
370 319 639 388 celebravit,
686 314 870 394 intengS
885 320 887 322 .
900 326 1079 374 duabus
1107 323 1376 390 tragoediis,
1421 315 1535 390 q‘uae
1596 348 1601 351 ⁴

255 413 302 460 in
337 407 502 473 primis
532 407 619 458 hoc
641 410 826 458 tantum
855 401 1085 474 proposito
1101 405 1290 473 scriptae
1299 404 1536 459 videntur·

244 481 544 555 ‘Supplicibus
590 499 636 539 et
683 487 946 537 Heraclidis.
1009 489 1064 536 In
1106 487 1180 535 illa
1211 487 1333 535 enim
1361 494 1538 551 tragoe-

240 566 348 619 ‘dia
343 594 360 631 ·,
400 569 626 632 Theseus,
656 569 930 622 Athenarum
959 584 1060 627 rex,
1091 567 1352 627 Creontem,
1383 582 1538 648 regem

258 640 517 701 Thebarum
532 685 549 713 ,
584 653 735 719 cogit,
764 660 817 700 ut
843 667 1033 715 corpora
1063 644 1334 714 Argivorum
1365 643 1543 697 cetero·

255 749 450 800 rumque
465 766 480 793 ,
536 733 615 799 qui
669 740 775 780 cum
831 731 1067 798 Polynice,
1104 730 1151 777 in
1210 728 1540 795 oppugnatione

243 812 519 863 *Thebarum
548 808 662 860 caesi
689 819 863 870 essent,
909 806 1166 877 sepulturae
1195 807 1367 867 tradat,
1399 823 1539 874 quam

252 892 328 941 hic
372 892 427 941 iis
472 886 723 958 negaverat.
797 893 853 940 In
884 890 968 939 hac
998 907 1105 941 vero
1134 888 1341 938 Herculis
1372 883 1540 954 proge-

239 972 348 1017 nies
362 1002 379 1028 ,
402 970 564 1016 'contra
592 968 866 1034 Eurysthei,
896 970 1191 1034 Mycenarum
1205 967 1349 1032 regin
1376 976 1540 1031 poten-

253 1050 365 1099 tiam
395 1060 441 1099 et
470 1042 565 1100 vim
596 1067 622 1098 a
652 1049 966 1117 Demophonte
982 1084 998 1111 ,
1028 1047 1133 1117 rege
1149 1047 1427 1108 Atheniensi,
1456 1046 1539 1111 ἀει·Η

253 1130 510 1182 fenduntur.
589 1131 842 1191 Quamnam
888 1126 997 1182 vero
1027 1132 1216 1197 gratiam
1230 1164 1246 1188 ‚
1293 1127 1414 1177 hisce
1443 1136 1541 1176 tra-

252 1210 424 1277 goediis
437 1245 453 1271 ‚
484 1210 603 1276 apud
633 1211 752 1262 cives
783 1211 896 1260 inire
925 1213 1189 1279 Euripidem
1219 1205 1396 1260 necesse
1412 1212 1538 1269 erat,

252 1292 381 1341 nobis
427 1293 577 1341 statim
622 1293 793 1361 patebit
807 1322 824 1355 ,
882 1294 919 1342 si
966 1294 1244 1343 attendamus
1293 1294 1352 1342 ad
1397 1310 1538 1359 grave

252 1383 528 1449 momentum
545 1408 562 1436 ,
605 1391 697 1442 quo
717 1384 720 1388 '
739 1375 957 1425 universis
987 1373 1170 1426 Graecis
1200 1376 1301 1439 jura
1330 1383 1540 1422 mortuo-

241 1469 358 1501 ‘rum
404 1463 547 1502 essent
561 1488 577 1514 ‚
622 1465 668 1502 et
712 1456 784 1518 jus
829 1456 1012 1521 hospitii
1057 1474 1109 1505 ac
1137 1455 1394 1523 supplicum
1410 1454 1536 1521 (29).

227 1533 484 1621 xProfecto,
515 1550 608 1583 non
636 1534 797 1583 melius
829 1535 989 1584 urbem
1017 1537 1165 1603 potuit
1190 1535 1369 1585 laudare
1381 1538 1536 1602 poe'ta,

252 1619 389 1678 quam
404 1647 420 1673 ‚
466 1632 572 1663 cum
616 1612 723 1662 eam
761 1612 894 1663 nobis
935 1614 1215 1680 proponebat
1258 1616 1451 1679 justitiae
1490 1624 1536 1663 et

251 1692 534 1741 humanitatis
579 1693 798 1744 vindicem
814 1729 831 1755 ,
877 1712 992 1762 quae
1028 1713 1121 1745 non
1150 1695 1402 1755 dubitaret,
1447 1712 1533 1761 pro

250 1790 377 1820 sacro
406 1773 492 1821 illo
524 1784 806 1842 mortuorum
837 1776 937 1839 jure
950 1810 965 1836 ,
1018 1793 1190 1842 proque
1221 1774 1500 1840 supplicibus
1517 1809 1533 1835 ‚

249 1870 365 1920 quos
396 1856 442 1903 in
471 1856 696 1907 civitatem
726 1856 865 1905 semel
895 1857 1157 1917 admiserat,
1188 1855 1363 1904 bellum
1392 1857 1536 1904 susci—

249 1955 358 2003 pere
403 1955 509 1987 cum
549 1937 864 2005 potentissimis
907 1939 1117 1988 Graeciae
1147 1938 1370 2006 gentibuS.
1433 1938 1533 1985 Hoc

249 2018 350 2067 loco
379 2036 561 2085 quoque
590 2017 878 2070 observemus
892 2054 907 2079 ,
955 2038 1091 2085 quam
1123 2030 1224 2086 apte
1254 2020 1324 2067 sui
1355 2028 1533 2083 tempo-

248 2103 312 2146 ris
342 2100 558 2147 rationem
588 2095 791 2160 habensq
807 2100 905 2147 illas
924 2100 1123 2147 docuerit
1136 2100 1323 2149 fabulas.
1386 2099 1535 2147 Tem-

246 2195 359 2243 pore
388 2178 507 2225 enim
537 2173 633 2243 quo
661 2187 753 2226 tota
786 2179 972 2227 Graecia
1000 2179 1184 2228 Athenis
1214 2188 1309 2226 erat
1338 2179 1533 2239 infensa,

250 2275 342 2325 quo
394 2257 573 2304 bellum
624 2274 731 2305 cum
791 2258 1152 2308 Lacedaemoniis
1212 2268 1258 2307 et
1305 2258 1533 2309 Thebanis

248 2340 303 2388 iis
350 2348 477 2398 erat,
521 2355 613 2387 non
659 2339 744 2388 nisi
774 2336 921 2389 elatos
942 2340 1115 2407 populo
1147 2341 1328 2405 spiritus
1358 2352 1532 2408 poterat

248 2418 407 2468 addere
425 2417 633 2484 cogitatio
652 2419 810 2485 ingrati
833 2422 991 2481 animi,
1013 2438 1103 2488 qua
1122 2437 1283 2488 magna
1298 2422 1376 2471 illa
1393 2423 1531 2471 bene-

1462 2504 1531 2551 fa-

291 2632 383 2681 (29)
434 2628 584 2669 Monuit
620 2630 805 2679 quaedam
843 2630 890 2670 de
925 2631 987 2672 illa
1013 2633 1247 2674 Graecorum
1263 2663 1274 2681 ,
1311 2632 1528 2684 praesertim

238 2689 528 2743 [Atheniensium
538 2717 551 2738 ‚
579 2688 757 2739 religione
773 2719 786 2739 ,
812 2691 1032 2732 carissimus
1057 2695 1176 2733 frater
1187 2696 1230 2734 G.
1246 2696 1289 2733 A.
1316 2699 1339 2731 S
1352 2707 1371 2731 c
1384 2693 1408 2731 h
1425 2706 1448 2731 n
1464 2706 1484 2731 e
1500 2693 1533 2730 i.

239 2747 293 2789 th
306 2763 324 2790 e
339 2762 360 2790 r
370 2749 413 2790 in
428 2750 707 2798 Dissertatsoae
718 2751 765 2790 de
784 2751 1015 2792 Theramene
1023 2755 1265 2806 Agnone'sfil.
1282 2753 1421 2793 Athen,
1434 2767 1518 2806 1229
1526 2784 1534 2797 .
