1835 3168
736 253 818 313 ...(
881 255 932 298 13
992 254 1078 312 )...

265 405 460 469 cujusvis
510 406 661 471 capitis
702 407 843 456 initio*
862 405 1057 456 breviter
1082 402 1413 471 praemittemus
1429 433 1445 458 ‚
1483 408 1534 448 ut

265 484 324 533 ad
352 500 403 531 ea
433 483 658 551 Euripidis
690 486 949 536 sententiam
973 487 1299 547 examinemus²
1325 491 1371 531 et
1384 480 1540 533 videa-

265 582 392 624 mus,
423 566 530 632 quid
562 566 666 616 huic
695 552 851 617 debeat
867 602 883 629 ,
913 555 1031 634 quid¹
1053 568 1139 615 sibi
1168 567 1267 632 ipsi.

328 643 415 693 Sed
455 646 492 694 si
535 648 581 695 in
618 647 819 714 Physicis
862 666 1071 714 magnam
1100 647 1194 697 vim
1235 647 1281 694 in
1314 643 1538 710 Euripidis

260 727 586 795 philosophiam
627 731 868 780 exercuerit·
897 732 1177 797 Anaxagoras
1186 764 1201 789 ‚
1231 722 1279 776 in
1309 730 1403 792 ejus
1431 744 1542 794 par-

257 821 302 859 te
345 811 502 858 morali
541 815 682 877 magis
714 813 788 860 ille
818 814 874 860 ab
905 814 990 861 hoc
1022 811 1179 861 abiisse
1211 810 1387 860 videtur
1402 843 1418 868 ‚
1464 807 1540 857 vel

256 893 402 956 potius
474 891 756 957 Anaxagoras
819 894 876 951 de
938 895 1020 942 hac
1053 892 1371 960 ‚philosophiae
1430 908 1539 956 par-

254 980 323 1031 te,
401 990 515 1039 quae
575 972 633 1035 ad
694 973 1000 1041 quotidianum
1063 984 1162 1041 apta
1212 980 1325 1022 esset
1377 989 1536 1038 usum,

253 1054 364 1103 nihil
426 1057 517 1106 vel«
564 1074 722 1122 parum
772 1057 948 1106 videtur
971 1055 1238 1106 ⁴tradidisse.
1273 1050 1284 1082 ⁵·
1333 1058 1388 1104 In
1429 1073 1535 1122 rno-

254 1138 338 1186 rali
384 1138 520 1205 igitur
564 1138 870 1205 philosophiae
901 1149 1024 1205 parte
1041 1174 1055 1198 ‚
1084 1191 1103 1211 ο
1122 1138 1379 1201 Euripidem
1422 1138 1532 1184 nul-

251 1220 339 1268 lius
409 1219 597 1268 ductum
658 1230 915 1287 sequentem
961 1220 1236 1279 videbimus,
1283 1220 1365 1266 nisi
1387 1218 1534 1266 dica*

252 1316 384 1360 mu85
446 1301 683 1350 amicitiam
729 1310 773 1349 et
821 1301 1174 1365 conjunctionem
1188 1334 1204 1360 ‚
1261 1317 1376 1366 quae
1421 1300 1536 1348 inter

254 1400 358 1430 eum
388 1393 432 1430 et
459 1383 687 1431 Socratem
721 1383 966 1443 obtinebat,
1014 1399 1283 1448 magnopere
1315 1382 1504 1430 valuisse
1519 1412 1539 1438 ‚

254 1462 311 1510 ad
357 1459 452 1526 ejus
498 1462 726 1528 opiniones
756 1463 842 1511 hac
870 1463 926 1510 de
957 1480 1006 1511 re
1047 1479 1182 1528 puras
1220 1451 1468 1511 reddendas
1491 1469 1538 1511 et

254 1560 393 1594 veras.
460 1542 746 1593 offendemus
783 1543 934 1610 plures
964 1538 1198 1592 sententias
1213 1577 1229 1603 ‚
1277 1560 1391 1610 quae
1422 1561 1536 1606 pro-

253 1624 367 1672 fecto
399 1625 668 1674 conveniunt
700 1625 779 1685 iis,
811 1642 926 1691 quae
956 1624 1157 1673 Socrates
1172 1624 1385 1687 docebat3
1418 1643 1535 1691 qua-

251 1723 301 1754 re
346 1706 460 1755 hanc
501 1707 595 1756 vim
641 1724 730 1754 non
769 1701 1006 1771 possumus
1036 1723 1221 1771 negare,
1256 1710 1530 1772 quamquam

250 1786 475 1835 Socratem
537 1787 764 1852 Euripidis
810 1787 1072 1852 magistrum
1117 1786 1277 1845 fuisse,
1324 1805 1417 1834 non
1463 1797 1533 1836 est

249 1885 356 1918 vero
397 1868 539 1916 simile
555 1902 570 1927 ‚
615 1870 783 1934 quippe
821 1868 1034 1932 tredecim
1076 1870 1212 1917 annis
1246 1865 1353 1918 n'atu
1385 1861 1548 1935 majo-¹

247 1951 325 1999 ris,
387 1938 391 1946 ¹
836 1937 840 1946 ¹
908 1954 911 1956 “

311 2033 367 2080 In
399 2031 508 2084 duas
540 2048 647 2081 vero
680 2031 918 2097 disputatio
948 2039 1095 2096 partes
1127 2041 1283 2097 sponte
1301 2032 1531 2086 dividitun

249 2112 448 2172 Quarum
481 2113 627 2179 prima
660 2121 815 2179 agetur
846 2112 901 2160 de
926 2112 1113 2179 Physica
1130 2147 1144 2171 ‚
1176 2131 1290 2179 quae
1303 2132 1403 2181 pars
1415 2132 1528 2182 gra-

248 2196 449 2245 v'issimas
496 2196 551 2244 de
581 2197 709 2256 Diis,
756 2196 811 2243 de
836 2192 990 2244 'animo
1021 2195 1244 2256 humano,
1289 2197 1343 2244 de
1375 2200 1525 2246 rerum

250 2285 352 2324 ortu
398 2285 442 2324 et
487 2276 666 2325 interitu
706 2275 900 2324 continet
943 2276 1247 2344 quaestiones:
1296 2277 1430 2327 altera
1469 2279 1527 2328 de

250 2375 323 2416 ea,
356 2350 413 2406 ad
444 2358 558 2406 vitae
588 2374 720 2406 usum
752 2350 894 2423 ma³gis
927 2368 1054 2423 apta,
1084 2357 1298 2422 disquiret
1321 2358 1525 2423 philoso-

248 2440 377 2504 phia,
423 2458 536 2505 quae
582 2440 783 2487 moribus
821 2438 1126 2497 emendandis,
1175 2438 1379 2506 vitaeque
1410 2441 1527 2490 bene

248 2521 443 2588 agendae
474 2521 516 2568 in
548 2522 702 2586 primis
733 2518 915 2571 insei'vit
930 2556 945 2581 ,
990 2520 1178 2587 ideoque
1211 2523 1392 2571 moralis
1417 2524 1525 2591 phi-

249 2603 451 2670 Iosophia
481 2612 680 2654 vocatur.
712 2631 773 2640 -—
838 2598 843 2601 ’
1241 2637 1244 2639 v

1375 2678 1519 2728 PARS

256 2772 267 2781 χ
310 2782 575 2833 Anaxagoram
613 2786 738 2822 autem
774 2764 982 2831 numquam
1029 2781 1156 2831 risi-se
1194 2787 1324 2822 narrat
1362 2782 1394 2821 A
1411 2783 1523 2825 elia

251 2856 348 2882 nus
396 2844 493 2882 Var.
538 2843 641 2880 Hist.
687 2839 790 2879 Vm.
834 2835 890 2877 13.
