<?xml version="1.0" encoding="UTF-8"?>
<!DOCTYPE html PUBLIC "-//W3C//DTD XHTML 1.0 Transitional//EN"
    "http://www.w3.org/TR/xhtml1/DTD/xhtml1-transitional.dtd">
<html xmlns="http://www.w3.org/1999/xhtml" xml:lang="en" lang="en">
 <head>
  <title>
</title>
<meta http-equiv="Content-Type" content="text/html;charset=utf-8" />
  <meta name='ocr-system' content='tesseract 3.04.00' />
  <meta name='ocr-capabilities' content='ocr_page ocr_carea ocr_par ocr_line ocrx_word'/>
</head>
<body>
  <div class='ocr_page' id='page_1' title='image "4737863_0025.png"; bbox 0 0 1835 3168; ppageno 0'>
   <div class='ocr_carea' id='block_1_1' title="bbox 717 209 1047 267">
    <p class='ocr_par' dir='ltr' id='par_1_1' title="bbox 717 209 1047 267">
     <span class='ocr_line' id='line_1_1' title="bbox 717 209 1047 267; baseline 0 0"><span class='ocrx_word' id='word_1_1' title='bbox 717 209 1047 267; x_wconf 72' lang='lat'>—&lt;=4›-</span> 
     </span>
    </p>
   </div>
   <div class='ocr_carea' id='block_1_2' title="bbox 430 467 1413 732">
    <p class='ocr_par' dir='ltr' id='par_1_2' title="bbox 430 467 1413 732">
     <span class='ocr_line' id='line_1_2' title="bbox 430 467 1407 585; baseline 0 -18"><span class='ocrx_word' id='word_1_2' title='bbox 430 467 780 569; x_wconf 51' lang='lat' dir='ltr'>pins</span> <span class='ocrx_word' id='word_1_3' title='bbox 897 472 1407 585; x_wconf 47' lang='lat' dir='ltr'>enlmm&#39;</span> 
     </span>
     <span class='ocr_line' id='line_1_3' title="bbox 462 624 1413 732; baseline 0 -20"><span class='ocrx_word' id='word_1_4' title='bbox 462 636 554 726; x_wconf 71' lang='lat' dir='ltr'>De</span> <span class='ocrx_word' id='word_1_5' title='bbox 601 659 985 732; x_wconf 67' lang='lat' dir='ltr'>Philosophia</span> <span class='ocrx_word' id='word_1_6' title='bbox 1029 624 1304 732; x_wconf 56' lang='lat' dir='ltr'>Physica.</span> <span class='ocrx_word' id='word_1_7' title='bbox 1411 636 1413 638; x_wconf 71' lang='grc'>’</span> 
     </span>
    </p>
   </div>
   <div class='ocr_carea' id='block_1_3' title="bbox 667 851 1113 910">
    <p class='ocr_par' dir='ltr' id='par_1_3' title="bbox 667 851 1113 910">
     <span class='ocr_line' id='line_1_4' title="bbox 667 851 1113 910; baseline -0.004 0"><span class='ocrx_word' id='word_1_8' title='bbox 667 851 995 910; x_wconf 84' lang='lat' dir='ltr'><strong>CAPUT</strong></span> <span class='ocrx_word' id='word_1_9' title='bbox 1062 853 1113 908; x_wconf 87' lang='lat'>1.</span> 
     </span>
    </p>
   </div>
   <div class='ocr_carea' id='block_1_4' title="bbox 507 998 1296 1048">
    <p class='ocr_par' dir='ltr' id='par_1_4' title="bbox 507 998 1296 1048">
     <span class='ocr_line' id='line_1_5' title="bbox 507 998 1296 1048; baseline 0.003 -2"><span class='ocrx_word' id='word_1_10' title='bbox 507 998 585 1046; x_wconf 88' lang='lat' dir='ltr'>De</span> <span class='ocrx_word' id='word_1_11' title='bbox 634 999 747 1047; x_wconf 72' lang='lat' dir='ltr'>Diis</span> <span class='ocrx_word' id='word_1_12' title='bbox 791 1007 839 1047; x_wconf 83' lang='lat' dir='ltr'>et</span> <span class='ocrx_word' id='word_1_13' title='bbox 884 1007 1062 1048; x_wconf 65' lang='lat' dir='ltr'>matura</span> <span class='ocrx_word' id='word_1_14' title='bbox 1104 998 1296 1048; x_wconf 78' lang='lat' dir='ltr'>Divina.</span> 
     </span>
    </p>
   </div>
   <div class='ocr_carea' id='block_1_5' title="bbox 251 1180 1534 1276">
    <p class='ocr_par' dir='ltr' id='par_1_5' title="bbox 251 1180 1534 1276">
     <span class='ocr_line' id='line_1_6' title="bbox 251 1180 1534 1276; baseline -0.002 -20"><span class='ocrx_word' id='word_1_15' title='bbox 251 1180 591 1265; x_wconf 85' lang='lat' dir='ltr'>Difficultates</span> <span class='ocrx_word' id='word_1_16' title='bbox 605 1242 622 1267; x_wconf 94' lang='lat'>‚</span> <span class='ocrx_word' id='word_1_17' title='bbox 699 1227 811 1276; x_wconf 79' lang='lat' dir='ltr'>quas</span> <span class='ocrx_word' id='word_1_18' title='bbox 884 1209 933 1256; x_wconf 85' lang='lat' dir='ltr'>in</span> <span class='ocrx_word' id='word_1_19' title='bbox 987 1207 1255 1274; x_wconf 83' lang='lat' dir='ltr'>exponendis</span> <span class='ocrx_word' id='word_1_20' title='bbox 1310 1204 1534 1272; x_wconf 84' lang='lat' dir='ltr'>Euripidis</span> 
     </span>
    </p>
   </div>
   <div class='ocr_carea' id='block_1_6' title="bbox 170 1285 1534 1356">
    <p class='ocr_par' dir='ltr' id='par_1_6' title="bbox 170 1285 1534 1356">
     <span class='ocr_line' id='line_1_7' title="bbox 170 1285 1534 1356; baseline 0.001 -19"><span class='ocrx_word' id='word_1_21' title='bbox 170 1350 174 1351; x_wconf 19' lang='lat'><em>⁷</em></span> <span class='ocrx_word' id='word_1_22' title='bbox 248 1291 472 1338; x_wconf 84' lang='lat' dir='ltr'><strong>sententiis</strong></span> <span class='ocrx_word' id='word_1_23' title='bbox 514 1310 520 1317; x_wconf 91' lang='lat'>·</span> <span class='ocrx_word' id='word_1_24' title='bbox 530 1289 851 1356; x_wconf 82' lang='lat' dir='ltr'>philosophicis</span> <span class='ocrx_word' id='word_1_25' title='bbox 913 1285 1045 1338; x_wconf 88' lang='lat' dir='ltr'>nobis</span> <span class='ocrx_word' id='word_1_26' title='bbox 1091 1290 1275 1340; x_wconf 84' lang='lat' dir='ltr'>obviam</span> <span class='ocrx_word' id='word_1_27' title='bbox 1314 1285 1440 1350; x_wconf 52' lang='lat' dir='ltr'>fore&#39;,</span> <span class='ocrx_word' id='word_1_28' title='bbox 1485 1290 1534 1338; x_wconf 88' lang='lat' dir='ltr'>in</span> 
     </span>
    </p>
   </div>
   <div class='ocr_carea' id='block_1_7' title="bbox 171 1372 1536 1846">
    <p class='ocr_par' dir='ltr' id='par_1_7' title="bbox 171 1372 1536 1846">
     <span class='ocr_line' id='line_1_8' title="bbox 247 1372 1535 1438; baseline -0.002 -18"><span class='ocrx_word' id='word_1_29' title='bbox 247 1372 582 1421; x_wconf 83' lang='lat' dir='ltr'>Introductione</span> <span class='ocrx_word' id='word_1_30' title='bbox 629 1372 974 1437; x_wconf 81' lang='lat' dir='ltr'>significavimus</span> <span class='ocrx_word' id='word_1_31' title='bbox 990 1407 1005 1431; x_wconf 91' lang='lat'><strong>,</strong></span> <span class='ocrx_word' id='word_1_32' title='bbox 1065 1372 1306 1421; x_wconf 83' lang='lat' dir='ltr'>maximam</span> <span class='ocrx_word' id='word_1_33' title='bbox 1360 1374 1535 1438; x_wconf 82' lang='lat' dir='ltr'>&#39;partem</span> 
     </span>
     <span class='ocr_line' id='line_1_9' title="bbox 252 1438 1535 1520; baseline 0.002 -20"><span class='ocrx_word' id='word_1_34' title='bbox 252 1453 310 1500; x_wconf 88' lang='lat' dir='ltr'>ad</span> <span class='ocrx_word' id='word_1_35' title='bbox 365 1463 501 1520; x_wconf 86' lang='lat' dir='ltr'>caput</span> <span class='ocrx_word' id='word_1_36' title='bbox 560 1453 807 1518; x_wconf 78' lang='lat' dir='ltr'>pertinent,</span> <span class='ocrx_word' id='word_1_37' title='bbox 851 1453 908 1500; x_wconf 91' lang='lat' dir='ltr'>de</span> <span class='ocrx_word' id='word_1_38' title='bbox 953 1438 1053 1501; x_wconf 87' lang='lat' dir='ltr'>Diis</span> <span class='ocrx_word' id='word_1_39' title='bbox 1085 1469 1331 1520; x_wconf 88' lang='lat' dir='ltr'>eorumque</span> <span class='ocrx_word' id='word_1_40' title='bbox 1362 1452 1535 1502; x_wconf 87' lang='lat' dir='ltr'>natura.</span> 
     </span>
     <span class='ocr_line' id='line_1_10' title="bbox 171 1522 1536 1604; baseline -0.002 -20"><span class='ocrx_word' id='word_1_41' title='bbox 171 1590 194 1604; x_wconf 34' lang='lat' dir='ltr'><em>i</em></span> <span class='ocrx_word' id='word_1_42' title='bbox 252 1535 372 1585; x_wconf 89' lang='lat' dir='ltr'>Cum</span> <span class='ocrx_word' id='word_1_43' title='bbox 418 1537 537 1584; x_wconf 89' lang='lat' dir='ltr'>enim</span> <span class='ocrx_word' id='word_1_44' title='bbox 574 1536 821 1600; x_wconf 81' lang='lat' dir='ltr'>generatim</span> <span class='ocrx_word' id='word_1_45' title='bbox 852 1537 910 1583; x_wconf 89' lang='lat' dir='ltr'>sit</span> <span class='ocrx_word' id='word_1_46' title='bbox 942 1522 1280 1593; x_wconf 83' lang='lat' dir='ltr'>attendendum,</span> <span class='ocrx_word' id='word_1_47' title='bbox 1329 1551 1386 1583; x_wconf 89' lang='lat' dir='ltr'>ne</span> <span class='ocrx_word' id='word_1_48' title='bbox 1416 1531 1536 1600; x_wconf 63' lang='lat' dir='ltr'>&#39;poe‘-</span> 
     </span>
     <span class='ocr_line' id='line_1_11' title="bbox 250 1615 1536 1684; baseline -0.002 -17"><span class='ocrx_word' id='word_1_49' title='bbox 250 1627 344 1667; x_wconf 81' lang='lat' dir='ltr'>tam</span> <span class='ocrx_word' id='word_1_50' title='bbox 385 1616 708 1666; x_wconf 85' lang='lat' dir='ltr'>confundamus</span> <span class='ocrx_word' id='word_1_51' title='bbox 748 1633 853 1666; x_wconf 84' lang='lat' dir='ltr'>cum</span> <span class='ocrx_word' id='word_1_52' title='bbox 897 1615 1099 1683; x_wconf 87' lang='lat' dir='ltr'>personis</span> <span class='ocrx_word' id='word_1_53' title='bbox 1118 1651 1134 1676; x_wconf 93' lang='lat'><strong>,</strong></span> <span class='ocrx_word' id='word_1_54' title='bbox 1187 1633 1298 1683; x_wconf 86' lang='lat' dir='ltr'>quas</span> <span class='ocrx_word' id='word_1_55' title='bbox 1341 1615 1536 1684; x_wconf 81' lang='lat' dir='ltr'>loquen-</span> 
     </span>
     <span class='ocr_line' id='line_1_12' title="bbox 251 1696 1534 1763; baseline -0.002 -15"><span class='ocrx_word' id='word_1_56' title='bbox 251 1710 316 1748; x_wconf 64' lang='grc' dir='ltr'>ιω</span> <span class='ocrx_word' id='word_1_57' title='bbox 372 1697 501 1746; x_wconf 87' lang='lat' dir='ltr'>nobis</span> <span class='ocrx_word' id='word_1_58' title='bbox 566 1696 627 1745; x_wconf 89' lang='lat' dir='ltr'>ob</span> <span class='ocrx_word' id='word_1_59' title='bbox 675 1698 831 1746; x_wconf 88' lang='lat' dir='ltr'>oculos</span> <span class='ocrx_word' id='word_1_60' title='bbox 873 1698 1002 1763; x_wconf 89' lang='lat' dir='ltr'>ponit</span> <span class='ocrx_word' id='word_1_61' title='bbox 1017 1732 1032 1756; x_wconf 92' lang='lat'>‚</span> <span class='ocrx_word' id='word_1_62' title='bbox 1094 1707 1139 1744; x_wconf 90' lang='lat' dir='ltr'>et</span> <span class='ocrx_word' id='word_1_63' title='bbox 1184 1715 1241 1745; x_wconf 88' lang='lat' dir='ltr'>ne</span> <span class='ocrx_word' id='word_1_64' title='bbox 1286 1698 1501 1761; x_wconf 86' lang='lat' dir='ltr'>injustum</span> <span class='ocrx_word' id='word_1_65' title='bbox 1515 1729 1534 1755; x_wconf 91' lang='lat'>,</span> 
     </span>
     <span class='ocr_line' id='line_1_13' title="bbox 250 1777 1533 1846; baseline -0.002 -17"><span class='ocrx_word' id='word_1_66' title='bbox 250 1798 305 1829; x_wconf 93' lang='lat' dir='ltr'>eo</span> <span class='ocrx_word' id='word_1_67' title='bbox 362 1779 498 1827; x_wconf 85' lang='lat' dir='ltr'>modo</span> <span class='ocrx_word' id='word_1_68' title='bbox 514 1813 530 1839; x_wconf 91' lang='lat'>,</span> <span class='ocrx_word' id='word_1_69' title='bbox 584 1779 803 1827; x_wconf 87' lang='lat' dir='ltr'>feramus.</span> <span class='ocrx_word' id='word_1_70' title='bbox 824 1778 1066 1843; x_wconf 81' lang='lat' dir='ltr'>judicium3</span> <span class='ocrx_word' id='word_1_71' title='bbox 1110 1777 1198 1827; x_wconf 91' lang='lat' dir='ltr'>hoc</span> <span class='ocrx_word' id='word_1_72' title='bbox 1244 1788 1380 1846; x_wconf 86' lang='lat' dir='ltr'>caput</span> <span class='ocrx_word' id='word_1_73' title='bbox 1422 1794 1533 1845; x_wconf 82' lang='lat' dir='ltr'><strong>P¹.&#39;⁰·</strong></span> 
     </span>
    </p>
   </div>
   <div class='ocr_carea' id='block_1_8' title="bbox 146 1857 1532 1930">
    <p class='ocr_par' dir='ltr' id='par_1_8' title="bbox 146 1857 1532 1930">
     <span class='ocr_line' id='line_1_14' title="bbox 146 1857 1532 1930; baseline -0.002 -21"><span class='ocrx_word' id='word_1_74' title='bbox 146 1904 193 1922; x_wconf 30' lang='lat' dir='ltr'>l„</span> <span class='ocrx_word' id='word_1_75' title='bbox 250 1861 361 1930; x_wconf 84' lang='lat' dir='ltr'>priis</span> <span class='ocrx_word' id='word_1_76' title='bbox 423 1862 516 1909; x_wconf 89' lang='lat' dir='ltr'>suis</span> <span class='ocrx_word' id='word_1_77' title='bbox 576 1861 750 1909; x_wconf 82' lang='lat' dir='ltr'>laborat</span> <span class='ocrx_word' id='word_1_78' title='bbox 811 1857 1141 1908; x_wconf 81' lang='lat' dir='ltr'>difficultatibus</span> <span class='ocrx_word' id='word_1_79' title='bbox 1198 1869 1244 1908; x_wconf 89' lang='lat' dir='ltr'>et</span> <span class='ocrx_word' id='word_1_80' title='bbox 1303 1860 1532 1912; x_wconf 84' lang='lat' dir='ltr'>molestiis.</span> 
     </span>
    </p>
   </div>
   <div class='ocr_carea' id='block_1_9' title="bbox 298 1917 505 1934">
    <p class='ocr_par' dir='ltr' id='par_1_9' title="bbox 298 1917 505 1934">
     <span class='ocr_line' id='line_1_15' title="bbox 298 1917 505 1934; baseline -0.01 -3"><span class='ocrx_word' id='word_1_81' title='bbox 298 1917 505 1934; x_wconf 49' lang='lat' dir='ltr'>nno-...mnas-</span> 
     </span>
    </p>
   </div>
   <div class='ocr_carea' id='block_1_10' title="bbox 252 1941 1539 2818">
    <p class='ocr_par' dir='ltr' id='par_1_10' title="bbox 254 1941 1537 2425">
     <span class='ocr_line' id='line_1_16' title="bbox 254 1941 1534 2009; baseline -0.002 -17"><span class='ocrx_word' id='word_1_82' title='bbox 254 1941 556 2009; x_wconf 88' lang='lat' dir='ltr'>Philosophus</span> <span class='ocrx_word' id='word_1_83' title='bbox 571 1976 586 2001; x_wconf 95' lang='lat'><strong><em>,</em></strong></span> <span class='ocrx_word' id='word_1_84' title='bbox 630 1941 710 2007; x_wconf 86' lang='lat' dir='ltr'>qui</span> <span class='ocrx_word' id='word_1_85' title='bbox 756 1958 835 1990; x_wconf 87' lang='lat' dir='ltr'>sua</span> <span class='ocrx_word' id='word_1_86' title='bbox 879 1942 1041 2009; x_wconf 89' lang='lat' dir='ltr'>placita</span> <span class='ocrx_word' id='word_1_87' title='bbox 1089 1942 1186 1990; x_wconf 83' lang='lat' dir='ltr'>aliis</span> <span class='ocrx_word' id='word_1_88' title='bbox 1215 1943 1416 2006; x_wconf 85' lang='lat' dir='ltr'>personis</span> <span class='ocrx_word' id='word_1_89' title='bbox 1446 1943 1534 1989; x_wconf 78' lang='lat' dir='ltr'>tri-</span> 
     </span>
     <span class='ocr_line' id='line_1_17' title="bbox 255 2022 1536 2092; baseline -0.001 -19"><span class='ocrx_word' id='word_1_90' title='bbox 255 2022 356 2073; x_wconf 68' lang='lat' dir='ltr'>linit</span> <span class='ocrx_word' id='word_1_91' title='bbox 372 2061 386 2085; x_wconf 91' lang='lat'><strong>,</strong></span> <span class='ocrx_word' id='word_1_92' title='bbox 433 2042 544 2092; x_wconf 86' lang='lat' dir='ltr'>quas</span> <span class='ocrx_word' id='word_1_93' title='bbox 590 2024 820 2090; x_wconf 86' lang='lat' dir='ltr'>loquentes</span> <span class='ocrx_word' id='word_1_94' title='bbox 867 2023 1066 2082; x_wconf 85' lang='lat' dir='ltr'>inducit,</span> <span class='ocrx_word' id='word_1_95' title='bbox 1121 2025 1401 2091; x_wconf 89' lang='lat' dir='ltr'>propositum</span> <span class='ocrx_word' id='word_1_96' title='bbox 1445 2041 1536 2072; x_wconf 91' lang='lat' dir='ltr'>non</span> 
     </span>
     <span class='ocr_line' id='line_1_18' title="bbox 254 2106 1536 2173; baseline 0 -18"><span class='ocrx_word' id='word_1_97' title='bbox 254 2116 427 2158; x_wconf 82' lang='lat' dir='ltr'>tantum</span> <span class='ocrx_word' id='word_1_98' title='bbox 475 2106 610 2156; x_wconf 86' lang='lat' dir='ltr'>habet</span> <span class='ocrx_word' id='word_1_99' title='bbox 623 2141 640 2167; x_wconf 89' lang='lat'>,</span> <span class='ocrx_word' id='word_1_100' title='bbox 686 2107 872 2156; x_wconf 85' lang='lat' dir='ltr'>lectores</span> <span class='ocrx_word' id='word_1_101' title='bbox 903 2106 1088 2157; x_wconf 83' lang='lat' dir='ltr'>docendi</span> <span class='ocrx_word' id='word_1_102' title='bbox 1119 2124 1190 2155; x_wconf 91' lang='lat' dir='ltr'>res</span> <span class='ocrx_word' id='word_1_103' title='bbox 1220 2106 1505 2173; x_wconf 82' lang='lat' dir='ltr'>philosophas</span> <span class='ocrx_word' id='word_1_104' title='bbox 1520 2141 1536 2166; x_wconf 88' lang='lat'>,</span> 
     </span>
     <span class='ocr_line' id='line_1_19' title="bbox 256 2190 1537 2259; baseline -0.001 -20"><span class='ocrx_word' id='word_1_105' title='bbox 256 2191 332 2240; x_wconf 82' lang='lat' dir='ltr'>sed</span> <span class='ocrx_word' id='word_1_106' title='bbox 377 2192 512 2240; x_wconf 86' lang='lat' dir='ltr'>etiam</span> <span class='ocrx_word' id='word_1_107' title='bbox 556 2190 669 2239; x_wconf 90' lang='lat' dir='ltr'>illud</span> <span class='ocrx_word' id='word_1_108' title='bbox 709 2208 805 2258; x_wconf 87' lang='lat' dir='ltr'>prae</span> <span class='ocrx_word' id='word_1_109' title='bbox 836 2208 883 2239; x_wconf 90' lang='lat' dir='ltr'>se</span> <span class='ocrx_word' id='word_1_110' title='bbox 911 2191 998 2240; x_wconf 82' lang='lat' dir='ltr'>fert</span> <span class='ocrx_word' id='word_1_111' title='bbox 1013 2226 1027 2252; x_wconf 90' lang='lat'><strong>,</strong></span> <span class='ocrx_word' id='word_1_112' title='bbox 1069 2209 1196 2240; x_wconf 90' lang='lat' dir='ltr'>secus</span> <span class='ocrx_word' id='word_1_113' title='bbox 1226 2209 1364 2259; x_wconf 83' lang='lat' dir='ltr'>quam</span> <span class='ocrx_word' id='word_1_114' title='bbox 1393 2191 1537 2258; x_wconf 86' lang='lat' dir='ltr'>tragi-</span> 
     </span>
     <span class='ocr_line' id='line_1_20' title="bbox 256 2265 1533 2343; baseline -0.002 -20"><span class='ocrx_word' id='word_1_115' title='bbox 256 2292 335 2323; x_wconf 87' lang='lat' dir='ltr'>cus</span> <span class='ocrx_word' id='word_1_116' title='bbox 380 2277 526 2340; x_wconf 68' lang='lat' dir='ltr'>poeta.</span> <span class='ocrx_word' id='word_1_117' title='bbox 605 2265 667 2322; x_wconf 84' lang='lat' dir='ltr'>Et</span> <span class='ocrx_word' id='word_1_118' title='bbox 706 2273 820 2324; x_wconf 81' lang='lat' dir='ltr'>haec</span> <span class='ocrx_word' id='word_1_119' title='bbox 845 2275 1077 2323; x_wconf 84' lang='lat' dir='ltr'>difficultas</span> <span class='ocrx_word' id='word_1_120' title='bbox 1092 2308 1108 2333; x_wconf 91' lang='lat'><strong>,</strong></span> <span class='ocrx_word' id='word_1_121' title='bbox 1154 2283 1300 2322; x_wconf 92' lang='lat' dir='ltr'>totum</span> <span class='ocrx_word' id='word_1_122' title='bbox 1330 2283 1533 2343; x_wconf 80' lang='lat' dir='ltr'>nostrum</span> 
     </span>
     <span class='ocr_line' id='line_1_21' title="bbox 255 2357 777 2425; baseline 0.004 -20"><span class='ocrx_word' id='word_1_123' title='bbox 255 2357 421 2425; x_wconf 89' lang='lat' dir='ltr'>premit</span> <span class='ocrx_word' id='word_1_124' title='bbox 451 2363 777 2424; x_wconf 82' lang='lat' dir='ltr'>argumentum.</span> 
     </span>
    </p>

    <p class='ocr_par' dir='ltr' id='par_1_11' title="bbox 252 2437 1539 2762">
     <span class='ocr_line' id='line_1_22' title="bbox 322 2437 1534 2506; baseline 0 -21"><span class='ocrx_word' id='word_1_125' title='bbox 322 2439 539 2488; x_wconf 88' lang='lat' dir='ltr'>Peculiari</span> <span class='ocrx_word' id='word_1_126' title='bbox 624 2455 730 2488; x_wconf 87' lang='lat' dir='ltr'>vero</span> <span class='ocrx_word' id='word_1_127' title='bbox 802 2438 1036 2506; x_wconf 84' lang='lat' dir='ltr'>prudentia</span> <span class='ocrx_word' id='word_1_128' title='bbox 1100 2437 1228 2487; x_wconf 89' lang='lat' dir='ltr'>nobis</span> <span class='ocrx_word' id='word_1_129' title='bbox 1291 2455 1406 2505; x_wconf 90' lang='lat' dir='ltr'>opus</span> <span class='ocrx_word' id='word_1_130' title='bbox 1466 2445 1534 2485; x_wconf 88' lang='lat' dir='ltr'>est</span> 
     </span>
     <span class='ocr_line' id='line_1_23' title="bbox 254 2508 1535 2589; baseline -0.002 -19"><span class='ocrx_word' id='word_1_131' title='bbox 254 2530 301 2570; x_wconf 84' lang='lat' dir='ltr'>et</span> <span class='ocrx_word' id='word_1_132' title='bbox 363 2523 756 2588; x_wconf 82' lang='lat' dir='ltr'>circumspectione</span> <span class='ocrx_word' id='word_1_133' title='bbox 772 2556 786 2580; x_wconf 94' lang='lat'>‚</span> <span class='ocrx_word' id='word_1_134' title='bbox 860 2523 897 2570; x_wconf 87' lang='lat' dir='ltr'>si</span> <span class='ocrx_word' id='word_1_135' title='bbox 963 2508 1116 2582; x_wconf 49' lang='lat' dir='ltr'>trenam</span> <span class='ocrx_word' id='word_1_136' title='bbox 1161 2521 1390 2589; x_wconf 87' lang='lat' dir='ltr'>Euripidis</span> <span class='ocrx_word' id='word_1_137' title='bbox 1421 2513 1535 2585; x_wconf 29' lang='lat' dir='ltr'>,sen-</span> 
     </span>
     <span class='ocr_line' id='line_1_24' title="bbox 252 2604 1539 2671; baseline -0.003 -17"><span class='ocrx_word' id='word_1_138' title='bbox 252 2604 438 2654; x_wconf 86' lang='lat' dir='ltr'>tentiam</span> <span class='ocrx_word' id='word_1_139' title='bbox 494 2605 551 2653; x_wconf 89' lang='lat' dir='ltr'>de</span> <span class='ocrx_word' id='word_1_140' title='bbox 602 2605 700 2653; x_wconf 84' lang='lat' dir='ltr'>Diis</span> <span class='ocrx_word' id='word_1_141' title='bbox 748 2621 902 2653; x_wconf 86' lang='lat' dir='ltr'>eruere</span> <span class='ocrx_word' id='word_1_142' title='bbox 933 2605 1142 2655; x_wconf 84' lang='lat' dir='ltr'>volumus</span> <span class='ocrx_word' id='word_1_143' title='bbox 1159 2639 1174 2664; x_wconf 92' lang='lat'><strong>,</strong></span> <span class='ocrx_word' id='word_1_144' title='bbox 1236 2612 1393 2671; x_wconf 85' lang='lat' dir='ltr'>utpote</span> <span class='ocrx_word' id='word_1_145' title='bbox 1423 2610 1539 2669; x_wconf 64' lang='lat' dir='ltr'>poi}-</span> 
     </span>
     <span class='ocr_line' id='line_1_25' title="bbox 253 2684 1538 2762; baseline -0.004 -24"><span class='ocrx_word' id='word_1_146' title='bbox 253 2697 322 2738; x_wconf 79' lang='lat' dir='ltr'>tae</span> <span class='ocrx_word' id='word_1_147' title='bbox 396 2686 585 2753; x_wconf 85' lang='lat' dir='ltr'>tragici,</span> <span class='ocrx_word' id='word_1_148' title='bbox 677 2687 755 2756; x_wconf 84' lang='lat' dir='ltr'>qui</span> <span class='ocrx_word' id='word_1_149' title='bbox 843 2686 1025 2762; x_wconf 76' lang='lat' dir='ltr'>Athenis</span> <span class='ocrx_word' id='word_1_150' title='bbox 1104 2686 1276 2737; x_wconf 83' lang='lat' dir='ltr'>fabulas</span> <span class='ocrx_word' id='word_1_151' title='bbox 1347 2684 1538 2755; x_wconf 83' lang='lat' dir='ltr'>doceret.</span> 
     </span>
    </p>

    <p class='ocr_par' dir='ltr' id='par_1_12' title="bbox 1421 2768 1539 2818">
     <span class='ocr_line' id='line_1_26' title="bbox 1421 2768 1539 2818; baseline -0.017 0"><span class='ocrx_word' id='word_1_152' title='bbox 1421 2768 1539 2818; x_wconf 82' lang='lat' dir='ltr'>Nam</span> 
     </span>
    </p>
   </div>
  </div>
 </body>
</html>
