1835 3168
784 218 862 278 -.(
925 235 978 265 10
1035 217 1115 277 )....

291 377 360 419 ret
419 387 525 420 cum
587 370 774 421 heroum
821 372 1097 438 deorumque
1137 386 1323 437 persona
1338 407 1356 436 ,
1399 373 1458 423 ita
1489 383 1539 426 ut
1553 408 1568 434 ‚

289 455 402 518 quid
433 453 479 501 hi
511 454 777 516 sensissent,
817 473 1036 522 quaenam
1068 463 1223 521 poetae
1253 466 1368 505 esset
1396 457 1571 524 opinio,

289 531 467 584 difficile
505 540 618 582 esset
658 537 906 603 inquisitu3
954 537 1079 586 haee·
1105 536 1258 598 eadem
1300 538 1430 587 nobis
1461 539 1573 588 insi-

289 631 425 678 gnem
453 613 635 680 pariunt
665 617 917 665 molestiam
935 650 951 676 ‚
982 626 1028 664 et
1056 616 1377 669 difficultatem.
1454 618 1571 670 Nam

289 704 391 743 ante
421 694 570 742 omnia
590 695 732 744 mobis
761 713 856 744 esse
887 695 1148 760 separandas
1170 696 1400 759 opiniones
1413 730 1428 755 ‚
1459 715 1571 762 quas

288 775 538 840 tragoediae
582 783 738 823 auctor
782 774 986 840 personis
1018 773 1212 822 tribuere
1241 773 1462 834 debebat,
1504 786 1571 825 ut

285 855 448 920 cuique
502 870 719 920 personae
775 853 979 904 redderet
1021 852 1323 902 convenientia
1341 887 1357 912 ,
1412 855 1470 902 ab
1517 857 1573 907 iis

286 953 400 1002 quas
416 969 431 994 ‚
474 944 527 983 ut
571 936 704 1002 genio
744 934 998 1000 indulgeret
1012 968 1027 994 ‚
1073 934 1260 1001 singulis
1303 934 1544 985 obtruserit
1557 968 1575 996 ,

285 1019 416 1077 facile
461 1018 738 1083 intelligitur.
816 1019 876 1067 At
916 1017 1115 1082 profecto
1162 1017 1198 1063 si
1231 1018 1358 1066 facile
1388 1027 1455 1066 est
1485 1018 1575 1066 sci..

287 1116 337 1148 re
352 1133 367 1158 ,
412 1099 523 1164 quid
567 1100 624 1146 sit
667 1098 916 1146 faciendum
932 1131 948 1157 ,
995 1115 1131 1163 quam
1161 1097 1477 1147 difficillimum
1496 1109 1576 1156 ,est

280 1175 502 1228 ratione‘m
542 1187 588 1226 et
633 1187 801 1227 certam
834 1177 1034 1227 invenire
1066 1194 1298 1236 normam,
1329 1178 1574 1236 secundum

278 1277 416 1325 quam
447 1260 525 1306 illa
556 1259 779 1306 distinctio
809 1259 897 1303 rite
926 1276 953 1304 a
984 1258 1118 1304 nobis
1146 1259 1244 1307 fieri
1259 1269 1405 1322 queat.
1439 1260 1574 1319 Quod

278 1357 370 1408 quo
402 1340 563 1389 melius
595 1338 893 1403 intelligatur,
941 1339 1094 1404 paucis
1125 1355 1245 1386 nunc
1276 1338 1437 1386 addam
1453 1372 1469 1400 ,
1514 1340 1572 1389 ad

281 1440 397 1489 quae
427 1422 558 1469 nobis
592 1419 906 1468 attendendum
937 1436 1043 1467 esse*
1063 1419 1279 1469 videatur.

344 1504 400 1550 In
433 1501 590 1568 primis
621 1516 727 1566 ergo
759 1499 906 1549 veniet
936 1500 983 1546 in
1014 1516 1196 1548 censum
1211 1533 1227 1560 ‚
1272 1518 1479 1566 quaenam
1512 1504 1568 1552 sit

276 1602 464 1652 persona
481 1617 497 1644 ,
544 1582 617 1631 cui
647 1581 892 1629 notabilem
923 1581 1185 1629 sententiam
1217 1582 1377 1630 tribuit
1406 1593 1536 1649 poeta
1551 1618 1568 1643 ,

272 1677 350 1726 et,
396 1666 434 1714 si
478 1665 630 1714 omnia
676 1672 808 1711 notae
853 1662 993 1710 indoli
1024 1662 1123 1711 talis
1152 1681 1368 1729 personae
1398 1682 1568 1715 conve-

271 1749 431 1807 niunt,
494 1745 666 1795 etiamsi
730 1744 1005 1793 offendamus
1053 1762 1080 1792 a
1126 1745 1266 1811 vulgo
1314 1746 1568 1796 aberrantes

273 1829 508 1878 sententias
524 1862 540 1887 ,
570 1844 677 1876 gnon
722 1843 796 1873 eas
837 1826 1050 1875 continuo
1098 1826 1410 1889 philosophico
1452 1844 1566 1890 poe-

273 1922 346 1961 tae
402 1910 582 1977 ingenio
645 1907 892 1957 tribuemus
906 1939 921 1965 ‚
977 1905 1056 1953 sed
1099 1922 1126 1953 e
1170 1906 1347 1954 fabulae
1394 1908 1566 1956 ratione

273 1992 610 2059 explicabimus·
697 1987 899 2037 Multum
976 2000 1159 2052 quoque
1218 1985 1394 2047 differt,
1454 2006 1566 2040 num

272 2074 393 2123 malo
457 2082 503 2121 et
548 2069 757 2138 improbo
803 2067 974 2117 homini
990 2102 1006 2128 ,
1061 2085 1286 2136 quemque
1332 2079 1385 2118 ut
1428 2070 1564 2118 talem

270 2155 402 2204 nobis
433 2154 648 2222 proponit
688 2161 845 2218 poeta,
901 2168 959 2200 an
999 2167 1109 2201 vero
1138 2150 1258 2200 bono
1302 2162 1347 2200 et
1391 2152 1563 2218 probo,·

270 2236 489 2303 quaedam
519 2236 784 2284 tribuantur.
833 2233 909 2282 Sic
934 2250 1078 2300 quum
1103 2233 1308 2283 Eteocles
1333 2235 1382 2282 in
1411 2233 1563 2283 Phoe-

270 2320 399 2368 nissis
428 2336 495 2369 vs.
527 2319 639 2382 527.
670 2316 867 2365 maxime
893 2317 1062 2365 famosa
1078 2318 1156 2365 illa
1171 2319 1314 2365 utitur
1326 2317 1555 2366 sententia:

338 2393 480 2459 Ε’ίπερ
511 2395 606 2458 ’γὶιρ
642 2391 815 2443 ἀδικεῖν
848 2393 974 2459 χρὴ,
1009 2391 1264 2456 τυραννίδος
1296 2392 1396 2458 πέρι

333 2470 596 2522 Kinna-‘rou
626 2465 814 2521 ἀδικεῖν·
845 2459 1007 2516 τᾶλλα
1040 2465 1280 2531 δἐὑσεβεΐν
1315 2466 1474 2535 χρεών.

267 2548 427 2611 positae
473 2560 565 2590 non
592 2541 705 2589 illud
730 2557 972 2607 possumus
1002 2539 1192 2589 tribuere
1206 2575 1223 2601 ,
1268 2542 1398 2608 quasi
1425 2557 1573 2588 suam?

268 2627 407 2692 ipsius
433 2612 694 2693 expresserit
720 2616 1020 2674 ‘sententiam'
1061 2623 1254 2689 Egregie
1285 2622 1451 2671 faciunt
1504 2621 1552 2668 hi

269 2726 422 2759 versus
438 2743 452 2769 ‚
502 2706 559 2756 ad
589 2705 783 2757 Eteoclis
812 2703 1041 2771 ingenium
1070 2703 1342 2771 pingendum
1362 2739 1375 2764 ‚
1425 2702 1553 2753 ideo-

1463 2803 1550 2851 que
