1835 3168
778 233 1079 294 -*(9)‘-

300 400 374 441 ter'
423 389 614 455 reliquas
656 390 866 440 Graeciae
910 386 1108 438 civitates
1139 383 1399 434 eminerent:
1445 382 1567 432 velut

298 475 435 518 inter·>
461 471 616 516 stellas
647 474 773 518 ‘lutus
813 477 1024 522 minores.
1095 505 1102 513 ,-

300 573 303 575 ·
360 551 643 618 Philosophia
690 554 737 600 in
781 553 938 618 primis
962 563 1029 600 :et
1068 555 1243 618 poesis,
1289 554 1334 603 in
1375 574 1425 604 ea
1458 557 1570 604 urbe

292 632 583 693 colebantur,
614 634 678 681 uti
711 633 830 699 apud
862 633 1032 682 nullam
1064 634 1197 681 aliam
1235 645 1427 699 gentem.
1492 637 1571 692 Illi

290 715 525 780 Euripides
556 732 611 763 se«
633 714 763 780 plane
793 713 973 762 dederat
1003 715 1200 778 juvenis:
1234 725 1278 762 at
1295 717 1571 782 intelligens,

290 795 411 862 quod
458 806 613 863 supra·
638 795 858 856 diximus,
912 796 1103 844 liberum
1149 804 1241 844 non
1266 814 1384 845 »esse
1428 796 1571 845 cuivis

289 876 459 941 aperire
490 877 723 923 sententias
739 909 753 932 ,
794 888 909 941 quae
941 895 966 923 a
996 876 1152 941 populi
1184 886 1355 942 recepta
1389 878 1571 941 opinio-

285 955 658 1018 ne'reoedebant3
707 955 993 1022 (recedebant
1023 964 1175 1003 autem
1204 957 1298 1020 ejus
1330 958 1569 1007 sententiae

285 1056 420 1105 quam
446 1037 716 1104 plurimum)
757 1036 911 1087 videns
926 1039 1233 1103 Anaxagoram
1253 1070 1283 1093 ,.
1306 1039 1570 1104 magistrum

212 1167 215 1168 a
283 1118 413 1169 suum
433 1153 447 1179 ,
478 1122 553 1171 vix
577 1120 759 1168 Periclis
790 1119 1045 1168 auctoritate
1068 1128 1210 1166 certae
1227 1121 1320 1166 neci
1337 1108 1566 1184 ereptum3

276 1201 495 1267 comperit
525 1218 607 1249 suo
638 1209 840 1267 tempore
862 1198 1052 1247 Athenis
1083 1215 1172 1246 non
1203 1198 1394 1263 amplius
1409 1198 1570 1255 licere,

276 1282 425 1348 palam
473 1282 686 1348 proferre
732 1281 965 1343 sententias
1010 1279 1067 1326 de
1110 1278 1419 1343 philosophia,
1482 1280 1571 1336 nisi

281 1362 352 1420 ei,
386 1363 464 1426 qui
484 1370 673 1427 ‘paratus
705 1369 817 1409 esset
847 1369 1040 1407 mortem
1069 1376 1154 1424 pro
1167 1359 1444 1423 placitissuis
1460 1360 1568 1406 olvi-

278 1459 340 1490 re.
380 1442 497 1489 Cum
528 1458 637 1491 vero
673 1442 866 1487 obeam
895 1456 1079 1487 causam·
1107 1454 1154 1486 se
1186 1437 1243 1485 ad
1274 1454 1447 1490 scenam
1462 1455 1569 1487 ver-

277 1528 426 1580 teret,
459 1519 537 1585 (4)
575 1519 751 1568 ‘factum
792 1528 858 1566 est
873 1552 912 1579 ,.
935 1528 987 1566 ut
1014 1518 1181 1584 ingenii
1211 1518 1441 1584 cupiditati
1473 1520 1568 1567 fre-

277 1620 335 1650 na
367 1604 647 1665 inmitteret,
692 1610 738 1649 et
766 1601 857 1665 jam
889 1617 1070 1647 securus
1101 1616 1254 1647 scenae
1285 1600 1492 1665 praesidio
1520 1602 1566 1648 in

276 1680 509 1728 hominum
536 1680 835 1728 celebritatem
850 1679 1115 1743 produceret
1129 1696 1179 1726 ea
1194 1713 1209 1736 ‚
1236 1680 1411 1743 quaein
1426 1679 1565 1728 scho—

274 1760 330 1807 lis
360 1768 404 1806 et
434 1760 711 1825 privatorum
743 1757 950 1805 domibus
965 1757 1138 1805 tradere
1151 1774 1266 1823 pene
1280 1758 1402 1806 nefas
1413 1760 1565 1822 'habe-q

276 1848 413 1888 retur.
446 1841 501 1887 ln
517 1838 648 1901 hujus
662 1839 799 1901 igitur
810 1837 1094 1902 philosophia
1109 1840 1351 1903 exscriptis
1367 1842 1563 1890 eruenda

274 1927 320 1968 et
343 1917 598 1986 ekplicanda
609 1933 796 1983 sequens
810 1916 1058 1971 Nersabitur
1066 1917 1330 1986 disputatio:
1352 1919 1409 1970 ad
1424 1938 1562 1990 quam

276 2002 539 2067 priusquam
572 2000 854 2060 accedamus,
884 2001 1097 2048 nonnulla
1130 2011 1295 2050 restant
1323 2006 1558 2055 monenda.

336 2083 569 2132 Neminem
615 2092 734 2130 certe
777 2083 918 2148 fugiet
959 2083 1221 2143 difficultas,
1268 2087 1428 2150 quain
1459 2090 1559 2152 pri-

273 2162 358 2211 mis
413 2163 513 2210 talis
560 2163 807 2227 disquisitio
851 2163 1097 2227 premitur,
1160 2182 1303 2228 quum
1350 2165 1407 2213 de
1453 2185 1561 2226 sen-

271 2241 417 2289 tentiis
490 2243 657 2305 poetae·
709 2242 866 2290 scenici
930 2244 1015 2295 erit
1056 2243 1326 2303 dicendum.
1432 2249 1560 2309 Quae

271 2325 390 2372 enim
437 2326 618 2388 poetam
649 2324 859 2372 adversus
893 2326 1176 2389 popularium
1209 2326 1422 2376 invidiam
1454 2339 1560 2378 tue-

271 2405 463 2464 bantur,
524 2422 628 2453 cum
685 2423 786 2454 suas
812 2442 817 2449 „
845 2405 984 2473 ipsius
1030 2407 1274 2464 sententias,
1313 2410 1559 2460 confunde-

1490 2501 1558 2539 ret

329 2625 395 2670 (4)
448 2624 606 2675 Propter
639 2631 886 2665 memoratam
923 2638 1074 2665 causam
1100 2610 1322 2680 Euripidem
1347 2640 1386 2665 se
1411 2628 1459 2666 ad
1481 2636 1556 2666 tra·

272 2684 393 2733 gicam
445 2685 682 2724 convertisse
731 2692 852 2725 artem
905 2686 1021 2725 refert
1070 2688 1281 2726 Suidas'
1327 2688 1367 2726 in
1413 2689 1554 2738 Eur-ip.

273 2741 347 2792 ἐπὶ
370 2742 632 2808 '‘rpoe‘ycpdc'oev
667 2743 715 2796 δὲ·
748 2744 960 2810 ἐτράπη)
992 2749 1067 2796 τὸν
1102 2748 1415 2811 Ἀναξαγόραν
1452 2745 1552 2798 ἰδὼν

272 2816 550 2870 ὑποστάντα
582 2819 835 2879 κινδύνους,
878 2820 933 2871 δι’
980 2821 1095 2884 ἕπερ
1143 2823 1291 2880 εἶσῆξε
1323 2821 1552 2886 δόγματα.
