1835 3168
790 211 866 267 -.(
926 214 969 287 3¹7
1012 212 1088 270 )...

281 365 467 434 pahant.
567 365 728 416 Pulcra
783 366 979 434 profecta
1034 353 1233 423 occasu),
1290 384 1344 415 eo
1401 364 1534 416 modo
1549 389 1566 417 ι

285 438 464 515 tragicis
494 446 683 495 dabatur
700 480 716 506 ‚
746 448 980 496 sententias
1005 463 1104 496 suas
1121 447 1387 513 proferendi:
1417 464 1560 516 neque

283 537 432 578 tamen
447 529 493 574 in
506 526 665 592 populi
683 526 868 587 odium,
886 523 993 576 hac
999 545 1072 586 re,
1097 527 1392 577 incurrebant.
1423 531 1536 577 Nam
1549 540 1566 567 ⁹

283 627 388 658 cum
429 610 568 674 poeta
592 606 681 655 non
714 609 807 672 ipse
835 623 982 656 coram
1013 609 1186 674 populo
1201 607 1440 692 prodiret,
1486 607 1563 657 sed

281 703 519 754 personas
515 680 828 736 ¹introduceret
844 719 857 744 ‚
903 704 1093 763 quarum
1125 674 1244 752 apud
1274 696 1431 734 omnes
1457 703 1565 752 spe-

280 771 473 815 ctatores
520 766 712 815 maxima
757 775 851 815 erat
878 765 1147 826 veneratio,
1171 763 1329 815 heroas
1360 766 1540 834 patrIos
1545 797 1559 825 ,

281 840 360 897 vel»
401 848 481 915 qui
512 858 664 915 postea
697 849 744 896 in
771 847 879 896 deos
910 856 1054 896 essent
1084 847 1238 910 relati3
1285 847 1369 895 sub
1401 847 1561 896 horum

280 924 474 977 heroum
520 945 710 995 persona
726 962 739 987 ,
791 945 933 978 novos
980 937 1026 977 et
1071 928 1292 977 inauditos
1335 945 1561 977 sermones

279 1014 416 1076 poeta
448 1010 644 1077 proferre
675 1018 872 1076 poterat:
921 1020 965 1059 et
997 1011 1202 1077 quae,·si
1233 1012 1365 1076 poe'ta
1397 1022 1560 1061 ex'sua

279 1091 459 1138 dixisset
478 1116 482 1120 ·
503 1106 691 1156 persona
709 1124 722 1146 ,
772 1107 878 1139 cum
925 1090 1223 1156 indignatione
1261 1091 1529 1157 respuissent
1545 1123 1559 1151 ‚

274 1169 520 1236 ipsumque·
544 1181 721 1236 poetam
751 1169 1139 1226 condemnassent,
1168 1187 1222 1218 ex
1252 1169 1439 1219 heroum
1471 1171 1557 1218 de-'

275 1267 499 1317 oramque
514 1269 615 1309 ore,
631 1269 734 1298 cum
752 1252 1031 1300 veneratione
1046 1250 1283 1316 audiebant
1300 1260 1345 1298 et
1358 1250 1556 1299 admira-2

277 1334 457 1383 bantur.
487 1333 602 1381 Hinc
619 1333 738 1398 apud
752 1335 970 1398 tragicos,
987 1339 1179 1399 quorum
1193 1333 1353 1399 scripta
1367 1341 1554 1381 aetatem

277 1413 476 1461 tulerunt
491 1428 521 1472 ,‘
536 1412 743 1478 frequens
775 1412 830 1460 de
858 1414 993 1461 rebus
1024 1413 1185 1463 divinis
1211 1412 1557 1462 et'absconditis·

277 1503 345 1542 est
391 1493 558 1541 mentio
573 1512 609 1552 ,¹
635 1492 843 1558 frequens
888 1491 945 1540 de
990 1491 1075 1540 diis
1105 1489 1279 1541 Graecis'
1302 1493 1458 1559 patriis
1488 1487 1571 1541 est*

276 1572 497 1621 dubitatio
513 1608 532 1636 ‚
578 1572 786 1639 frequens
832 1589 1014 1638 quoque
1044 1574 1288 1640 propositio
1319 1566 1559 1622 meliorum

276 1656 553 1720 opinionum.
619 1654 791 1712 Quodsi
822 1653 943 1717 apud
973 1654 1245 1719 Aeschylum
1278 1672 1408 1720 saepe
1442 1653 1554 1702 illud

275 1735 499 1794 occurrit,
529 1737 868 1797 nonnumquam
902 1732 1021 1797 apud
1037 1732 1333 1798 Sophoclem,
1363 1733 1554 1799 Euripi-2

273 1816 343 1863 dis
386 1812 642 1878 tragoediae'
666 1821 832 1859 scatent
871 1812 1034 1859 talibus
1066 1813 1320 1860 sententiis:
1369 1814 1554 1878 integrae

273 1894 370 1958 ejus
413 1890 653 1959 tragoediae
680 1889 939 1956 conscriptae
971 1889 1095 1941 fuere
1110 1924 1124 1950 ,
1156 1888 1212 1938 ad
1243 1889 1551 1958 philosophiae

268 1971 487 2039 principia
516 1968 805 2036 ‘propaganda
822 2003 837 2024 ,
881 1969 975 2027 itai,
1018 1978 1070 2016 ut
1101 1971 1258 2018 merito
1291 1971 1362 2018 hic
1391 1971 1552 2019 Philo-

271 2053 442 2118 sophus
475 2050 671 2099 scenicus
704 2052 760 2097 sit
775 2049 961 2098 'dictuss
1015 2050 1172 2117 Neque
1201 2047 1441 2118 peculiaris*
1467 2053 1548 2101 de·-

269 2134 353 2181 fuit
378 2128 491 2181 ratio
507 2167 521 2191 ‚
552 2148 691 2198 quare
707 2130 938 2196 Euripides
952 2132 1199 2197 praesertim
1219 2132 1547 2199 philosophiam

178 2208 193 2224 ‘
268 2214 480 2279 eligeret,
531 2223 581 2260 ut
621 2230 672 2260 ea
713 2211 969 2277 tragoediis*
990 2214 1081 2260 suis
1128 2214 1463 2264 admirationem
1502 2227 1547 2264 et

268 2292 474 2357 plausum
509 2292 665 2341 theatri
697 2292 963 2343 conciliaret.
1016 2295 1165 2342 ‘Natus
1212 2305 1308 2343 erat
1346 2306 1553 2361 tempore

266 2389 359 2440 quo
404 2374 588 2423 Graecia
604 2407 618 2431 ‚
664 2391 780 2440 quae
826 2389 1055 2422 summum
1100 2375 1322 2440 potentiae
1353 2360 1544 2444 gradum

227 2471 233 2476 ·
266 2454 572 2514 adscenderat,
609 2456 745 2504 literis
762 2465 815 2504 *et
841 2453 1050 2504 omnibus
1076 2453 1401 2507 liberalioribus
1433 2461 1545 2508 arti-

262 2534 349 2583 bus
415 2537 458 2583 in
506 2537 662 2600 primis
695 2537 931 2595 studebat,
967 2546 1017 2584 'et
1047 2535 1396 2603 quo'Athenae,
1424 2543 1544 2589 ¹’Eu-

260 2615 418 2683 ripidis
467 2617 606 2682 patria
624 2652 636 2676 ,
689 2617 773 2665 sub
815 2618 996 2668 Periclis
1035 2615 1434 2681 administratione,
1480 2621 1544 2671 'ad

263 2706 354 2745 tam
397 2699 535 2747 altum
568 2699 736 2764 gloriae
769 2699 992 2764 fastigium
1025 2709 1342 2764 pervenerant,
1377 2710 1439 2749 ut>
1470 2703 1545 2750 in-
1602 2736 1604 2738 >

1476 2793 1544 2830 ter
