1835 3168
768 225 1072 286 -(7)-·

250 376 427 444 ,primis
484 379 640 441 poetae
686 376 734 424 in
773 364 999 426 tractanda
1037 371 1319 440 philosophia
1369 380 1414 425 et
1459 374 1547 430 ob„-

268 456 520 507 scurissima
579 456 829 524 praesertim
874 456 969 520 ejus
1010 464 1135 521 parte
1150 489 1165 515 ,
1227 463 1280 503 ut
1287 468 1318 514 ,ξ
1367 454 1422 503 de
1450 454 1546 508 Diis

266 554 511 605 eorumque
555 549 710 586 natura
727 571 744 598 ,
808 537 954 586 etde
1000 537 1148 585 animo
1194 538 1378 604 ejusque
1429 545 1551 584 statu

269 627 620 684 postmortem
637 652 653 678 ,
715 618 801 667 sibi
862 617 1084 684 placerent
1147 626 1192 664 et
1253 610 1549 683 indulgerent.

267 700 563 766 Posteaquam
623 700 908 767 philosophi,
971 719 995 749 a
1055 699 1258 748 Thaletis
1301 700 1552 764 praesertim

269 788 470 847 tempore
485 815 500 841 ‚
546 782 687 846 magis
733 799 780 830 se
827 799 907 848 per
952 780 1187 830 Graeciam
1226 778 1555 846 disperserant,

270 860 541 925 Athenisque
600 863 648 908 in
694 863 850 926 primis
887 864 984 910 -alii
1024 862 1156 910 aliam
1187 862 1431 929 doctrinam
1464 860 1552 908 do-

271 952 455 994 caeram
473 976 488 1001 ‚
535 938 767 1008 opiniones
810 943 914 992 illae
958 944 1158 1008 puriores
1174 974 1189 1001 ,
1235 959 1350 1012 quae
1395 943 1451 990 ab
1498 943 1553 992 iis

273 1023 599 1088 spargebantur
618 1057 633 1081 ,
680 1024 821 1090 magis
867 1024 924 1072 ad
969 1024 1148 1089 plebem
1187 1033 1480 1089 pervenerant
1507 1032 1555 1070 et

271 1099 496 1152 indoctam
543 1103 886 1155 multitudinem¹
933 1123 1070 1170 quam
1101 1114 1228 1153 antea
1244 1139 1258 1163 ,
1289 1122 1432 1173 quum
1461 1096 1555 1153 non

273 1186 358 1234 nisi
400 1188 688 1252 paucissimi,
748 1188 887 1255 iique-
917 1187 1182 1254 plerumque
1234 1187 1419 1235 solitarii
1466 1186 1557 1234 ho-

272 1268 414 1315 mines
478 1268 531 1316 iis
582 1277 727 1316 essent
771 1268 948 1316 imbuti.
1029 1267 1149 1325 Sed,
1205 1285 1347 1332 quum
1407 1266 1556 1331 pluri-

272 1363 398 1396 mum
445 1346 529 1395 hae
576 1348 803 1396 sententiae
836 1347 1070 1412 vulgarem
1101 1347 1366 1412 Graecorum
1395 1347 1555 1412 religi*

273 1442 408 1478 onem
437 1426 567 1491 plane
596 1436 791 1475 evertere
821 1426 1077 1475 viderentur
1090 1456 1107 1484 ‚
1131 1425 1394 1492 *multaeque
1424 1444 1558 1492 prae-

273 1515 409 1559 terea}
440 1505 695 1571 opiniones,
750 1505 916 1571 partim
962 1514 1110 1564 recte,
1153 1504 1233 1554 sed
1291 1505 1557 1572 plerumque

272 1583 406 1645 falso,
436 1584 713 1652 philosophis
745 1585 1099 1639 adscriberentur
1126 1585 1290 1651 impiae
1307 1596 1352 1635 et
1367 1587 1558 1635 maxime

272 1674 512 1727 nocentes3
551 1665 748 1730 populus
764 1698 781 1725 ,
828 1666 875 1714 in
906 1664 1063 1730 primm
1094 1684 1121 1714 a
1151 1667 1452 1719 sacerdotibus
1481 1669 1558 1715 in-

271 1745 431 1793 citatus
447 1778 461 1805 ,
518 1758 713 1812 quorum
769 1747 1005 1796 auctoritas
1044 1756 1090 1794 et
1119 1749 1317 1813 potentia
1363 1748 1560 1796 arctissi—

275 1843 351 1876 me
390 1844 517 1875 cum
576 1827 660 1876 diis
707 1826 796 1874 illis
843 1825 1106 1890 vulgaribus
1154 1827 1423 1874 Graecorum
1463 1838 1558 1877 erat

274 1906 539 1970 conjuncta·
527 1943 541 1968 ,
603 1904 799 1972 populus
813 1939 830 1965 ‚
892 1905 1074 1971 inquam
1088 1941 1104 1966 ,
1161 1923 1314 1956 omnes
1353 1906 1559 1973 philoso-

277 1985 398 2050 phos
440 1985 543 2035 odio
589 1986 736 2051 eoepit
772 1986 1018 2051 prosequi,
1062 1987 1123 2035 ita
1155 1996 1206 2035 ut
1234 1989 1435 2053 periculo
1467 2006 1558 2038 non

277 2061 473 2131 amplius
533 2076 707 2117 vacaret
769 2066 907 2115 libere
967 2069 1228 2117 sententiam
1275 2070 1417 2118 dicere
1430 2105 1446 2130 ‚
1513 2071 1556 2119 si

275 2145 400 2194 haec'
435 2148 627 2197 multum
673 2165 701 2195 a
756 2146 1052 2212 popularibus
1081 2147 1243 2196 fabulis
1274 2149 1556 2200 abhorrebat.

277 2227 405 2287 Quae
449 2244 555 2275 cum
595 2227 657 2275 ita
696 2237 864 2286 essent,
915 2229 1108 2294 tragicus
1148 2239 1278 2294 poeta
1327 2232 1524 2280 multum
1543 2263 1557 2289 ,

275 2325 385 2374 prae
431 2308 528 2357 aliis
543 2341 558 2368 ‚
603 2309 817 2359 libertatis
865 2309 951 2360 sibi
983 2319 1154 2376 poterat
1185 2328 1374 2360 sumere.
1441 2313 1558 2360 Pro-

276 2390 607 2457 prioquodam
637 2393 735 2455 jure
748 2423 765 2451 ,
794 2390 864 2440 ad¹
877 2391 1149 2458 tragoediam
1179 2391 1400 2458 pertinere
1430 2393 1563 2442 vide·-

274 2470 408 2532 hatur
446 2470 696 2538 disquisitio
710 2507 727 2533 ‚
775 2472 832 2522 de
872 2473 1087 2540 regimine
1115 2475 1316 2523 Deorum
1331 2509 1348 2535 ,
1393 2475 1449 2524 de
1480 2475 1526 2525 vi
1541 2507 1558 2534 ,

276 2568 415 2618 quam
461 2553 510 2599 in
556 2549 791 2602 hominum
821 2554 1011 2602 actiones
1042 2563 1263 2602 exerceret
1293 2555 1433 2619 fatum
1463 2555 1557 2604 sive

275 2634 507 2684 necessitas
524 2667 538 2692 ‚
584 2633 727 2700 deque
772 2635 981 2683 omnibus
1028 2635 1081 2682 iis
1122 2635 1231 2682 locis
1247 2669 1260 2693 ,
1305 2635 1361 2682 de
1388 2635 1554 2699 quibus

274 2711 645 2779 philosophorum
690 2713 862 2781 placita=
891 2716 1089 2769 maxime
1136 2717 1250 2766 inter
1294 2734 1339 2765 se
1386 2715 1560 2765 disere-⁴

1477 2818 1561 2867 1³³·
