1835 3168
746 216 1051 275 -.-·(6)-.-

255 382 329 434 nis
368 390 493 431 erant
530 382 673 448 passi.
736 381 840 438 Non
892 398 1046 438 omnes
1092 400 1199 433 vero
1246 384 1401 434 eodem
1435 399 1542 433 mo-

251 463 312 517 do
359 472 570 530 egerunt,
641 462 719 511 sed
760 462 837 512 alii
884 462 1023 524 aliam}
1048 463 1234 531 ingressi
1265 473 1371 517 sunt
1407 467 1544 519 viam·

250 544 315 593 Hi
375 543 495 590 enim
528 541 786 596 ,breviores
834 545 1070 600 sententias
1087 578 1104 605 ,
1166 545 1271 593 usui
1318 542 1546 598 communi

253 630 376 688 aptes
392 656 407 680 ,
459 620 648 686 ’γνώμας
663 657 679 682 ,
726 624 1095 683 conscribebant,
1140 622 1242 682 alii,
1288 625 1466 672 fervore
1497 633 1543 680 et

250 713 373 757 aestu
419 705 603 769 poetico
648 705 818 771 abrepti
832 736 848 762 ,
890 703 1074 769 hymnis
1121 712 1166 751 et
1212 704 1309 751 odis
1351 703 1542 754 deorum

249 785 594 853 proborumque
657 785 894 834 hominum
940 784 1159 834 canebant
1204 786 1393 835 virtutes
1411 819 1454 844 ,
1478 793 1540 836 ut

248 864 368 914 hisee
415 866 526 914 alios
574 866 777 916 homines
823 867 881 916 ad
921 866 1107 916 eandem
1138 867 1353 917 virtutem
1383 866 1540 915 allice-

247 955 349 995 rent
364 981 380 1007 ,
420 947 602 1012 adjectis
632 947 915 1014 pulcerrimis
945 948 1387 1009 remunerationum,
1419 963 1537 1014 quas

247 1028 392 1078 virtus
402 1029 696 1096 consequitur
710 1061 727 1088 ‚
740 1029 1125 1096 descriptionibus.
1158 1029 1296 1085 Plane
1309 1027 1539 1083 aliamne-2

246 1110 385 1176 nique
410 1110 531 1159 viam
555 1110 732 1161 iverunt
744 1118 903 1175 poetae
918 1109 1115 1168 scenici,
1144 1109 1191 1157 in
1201 1107 1357 1174 primis
1367 1105 1536 1172 Tragi-

244 1191 321 1243 εἰν
351 1189 606 1256 Tragoedia
620 1223 637 1250 ,
668 1198 821 1239 ortum
851 1207 986 1241 suum
1017 1188 1184 1238 debens
1215 1187 1337 1236 festis
1357 1196 1404 1235 et
1423 1185 1539 1234 cho-

242 1269 304 1316 ris
318 1300 335 1326 ,
383 1270 579 1334 quaein
612 1268 800 1318 deorum
815 1299 833 1326 ‚
877 1268 1130 1332 praesertim
1160 1265 1354 1324 Bacchi,
1387 1265 1538 1312 hono·-

242 1364 341 1397 rem
372 1348 739 1407 celebrabantur,
770 1365 825 1398 ex
855 1348 1044 1397 instituti
1077 1347 1274 1405 ratione,
1305 1364 1409 1394 cum
1427 1347 1537 1395 reli-

239 1429 375 1494 gione
389 1462 406 1487 ,
460 1431 652 1477 deorum
696 1428 822 1478 cultu
835 1461 853 1488 ,
908 1445 1091 1478 morum
1136 1426 1444 1475 emendatione
1491 1438 1535 1476 et

240 1508 419 1557 virtutis
481 1506 739 1556 laudatione
753 1543 769 1567 ,
841 1496 1085 1561 arctissime
1146 1516 1239 1556 erat
1285 1508 1535 1571 conjuncta,

238 1589 345 1639 Non
375 1590 542 1643 mirum
573 1588 675 1638 ideo
707 1597 775 1638 est
788 1622 805 1648 ,
836 1589 1061 1642 neminem
1090 1588 1289 1653 potuisse
1324 1588 1538 1642 excellere

238 1670 286 1719 in
303 1668 395 1717 ⁴illa
426 1676 521 1722 arte
551 1668 637 1720 nisi
668 1685 775 1722 eum
791 1700 807 1727 ,
838 1669 971 1732 cujus
1002 1668 1180 1721 animus
1212 1670 1422 1723 omnibus
1439 1670 1539 1723 ,vira

240 1747 414 1802 tutibus
442 1756 612 1813 pateret
625 1780 641 1807 ,
687 1747 857 1814 quique
887 1755 1044 1814 sponte,
1073 1764 1163 1800 suav
1185 1766 1233 1804 se
1264 1749 1443 1816 ipsum‹;
1464 1750 1541 1798 di-
1592 1746 1605 1755 ⁴

238 1843 385 1893 gnum
412 1827 635 1892 judicaret
646 1860 663 1886 ,
694 1818 1035 1893 quiprneoepta
1047 1830 1444 1896 univer-sopopuio,
1454 1830 1540 1878 da·

236 1917 327 1958 ret:
356 1915 498 1973 atque
524 1907 757 1973 ingenium
772 1907 1243 1969 doetrinafexcultum,
1274 1918 1319 1957 et
1333 1910 1539 1976 perpoli-

239 1999 340 2044 tum
355 1987 637 2055 philosophia
646 2020 662 2048 ,
673 1989 878 2054 jungeret
892 1988 1032 2042 menti
1045 2000 1190 2055 purae
1202 1998 1248 2037 'et
1261 1999 1405 2038 castae
1416 1990 1534 2080 3¹2.-

148 2124 152 2126 ,
237 2070 469 2136 ginationi.
485 2069 602 2142 {linc
616 2068 877 2119 triumviros
891 2068 1146 2135 tragoediae
1163 2069 1349 2118 Graecae
1363 2084 1536 2135 princi-

236 2167 316 2217 pes
329 2182 345 2209 ,
379 2166 576 2216 quorum
606 2166 741 2215 opera
768 2149 829 2202 ad
855 2165 938 2199 nos
966 2158 1265 2215 pervenerunt
1279 2181 1295 2209 ,
1327 2149 1532 2203 videmus

235 2247 332 2279 esse
394 2229 672 2278 doctissimos
734 2228 1027 2294 philosophos
1041 2264 1057 2289 ,
1134 2230 1396 2295 purissimas
1424 2261 1432 2285 ς
1473 2229 1531 2284 de

238 2307 399 2362 divinis
446 2315 493 2355 et
536 2305 744 2356 humanis
790 2306 926 2356 rebus
974 2308 1223 2367 sententias
1249 2308 1532 2366 *foventes-<et

238 2388 468 2454 opiniones
483 2420 498 2447 ,
529 2387 589 2435 ita
606 2421 622 2449 ,
662 2397 713 2436 ut
743 2387 903 2437 horum
934 2388 1098 2454 scripta
1128 2389 1257 2454 quasi
1283 2389 1387 2444 fons
1417 2390 1531 2448 sint,

237 2468 357 2520 unde
417 2486 619 2518 normam
651 2478 813 2534 *petere
857 2478 1065 2536 poterant
1109 2472 1270 2527 Graeci
1319 2472 1522 2527 omnium

237 2550 461 2604 actionum
478 2583 506 2614 ‚h
548 2559 594 2598 et
655 2550 821 2616 quibus
887 2567 1043 2600 omnes
1106 2551 1308 2601 fortunae
1364 2551 1531 2600 huma-

239 2647 320 2677 nae
368 2629 691 2679 vicissitudines
736 2631 850 2688 ferre
896 2641 942 2683 et
964 2671 967 2674 .
984 2632 1075 2699 pati
1119 2633 1396 2682 docerentur.
1464 2633 1533 2681 Av-

237 2709 302 2758 lia
377 2727 558 2776 quoque
614 2709 735 2762 adest
799 2723 927 2763 causa
948 2746 962 2773 ,
1069 2729 1205 2779 quare
1268 2709 1425 2778 tragici
1455 2712 1531 2758 'in

1432 2809 1486 2857 pr
1489 2809 1532 2841 1-
