1835 3168
748 143 1079 204 -(49)···

287 298 366 362 qui
384 291 569 361 ‘poetice
583 327 598 353 ,
643 310 733 343 non
764 293 847 343 nisi
877 292 1019 359 paulo
1050 310 1076 341 a
1102 290 1411 358 philosophica
1440 295 1551 344 rati*

285 394 374 425 one
401 382 450 424 et
475 372 741 425 Scholastica
772 374 979 423 recedens
1010 374 1390 442 argumentatione
1404 407 1419 435 ‚
1460 376 1551 424 De-

285 473 365 502 um
395 456 544 521 ipsum
574 467 769 506 mentem
799 450 925 505 dicat
945 456 1159 506 hominis:
1199 457 1409 506 Hominis
1437 458 1557 506 enim

283 535 457 585 animus
502 545 549 586 et
586 554 712 587 mens
748 536 898 604 divina
912 571 928 598 ,
975 538 1037 586 ita
1067 538 1182 587 inter
1209 556 1269 588 se.
1286 547 1414 589 erant
1441 555 1557 588 oon-

272 614 420 678 juncti
436 650 452 676 ,
496 625 549 665 ut
579 617 706 666 alter
749 617 844 665 sine
889 616 1027 665 altera
1058 633 1148 665 non
1176 626 1323 683 posset
1351 617 1555 684 cogitari.

280 696 402 768 Quin
432 697 570 762 magis
584 730 599 757 ‚
640 705 758 746 recte
788 715 894 745 eum
922 697 1120 746 dicamus
1150 698 1334 746 sensisse
1348 732 1363 758 ,
1402 700 1555 774 Deum

279 791 375 823 esse
404 793 571 836 unum,
600 786 646 825 et
675 776 953 826 individuum
968 810 984 837 ,
1020 787 1154 844 atque
1184 778 1322 843 igitur
1335 813 1351 838 ‚
1382 781 1420 827 si
1452 779 1558 827 ani-

279 873 404 904 mus
412 857 607 905 hominis
637 873 745 921 pars
771 869 866 906 erat
894 858 1054 905 mentis
1081 858 1258 906 divinae
1270 891 1285 916 ‚
1316 860 1460 923 ipsam
1489 859 1554 907 il-

280 920 375 983 lam
401 940 601 985 mentem
629 936 863 986 dicendam
888 953 989 985 esse
1004 935 1205 984 animum
1221 936 1437 997 hominis,
1454 946 1551 989 νοῦν

273 1017 488 1082 βροτῶνι
1052 1068 1059 1074 ,

279 1114 285 1124 ·
344 1098 557 1147 Dicamus
594 1097 781 1165 igitur,
803 1096 952 1146 omnia
994 1097 1041 1145 in
1078 1115 1221 1147 unum
1258 1099 1557 1168 comprehen-

279 1178 430 1227 dentes
447 1211 463 1239 ,
521 1179 814 1247 Euripidem
810 1178 1045 1227 statuisse
1071 1179 1243 1227 animos
1285 1178 1551 1240 hominum,
1584 1220 1601 1234 .

279 1260 447 1326 quippe
470 1265 634 1324 partes
664 1257 826 1306 mentis
856 1257 1032 1328 divinae
1048 1292 1063 1316 ,
1103 1268 1206 1325 post
1233 1267 1425 1310 mortem
1455 1260 1554 1309 fore

278 1339 424 1386 felioes
466 1347 511 1385 et
540 1338 813 1385 immortales
831 1371 846 1393 ,
881 1347 991 1386 cum
1030 1339 1205 1386 aethere
1235 1348 1282 1386 et
1309 1341 1408 1386 Deo
1442 1347 1558 1388 con-

279 1419 454 1483 junctos
503 1434 580 1466 eos
627 1417 824 1466 victuros
855 1427 981 1474 esse,
1021 1424 1068 1464 et
1097 1417 1194 1481 ejus
1222 1416 1370 1465 animo
1401 1418 1559 1468 inhae-

281 1501 389 1551 sisse
418 1501 668 1550 doctrinam
697 1499 754 1548 de
769 1515 959 1548 summa
988 1498 1260 1548 beatitudine
1274 1533 1290 1560 ,
1336 1517 1428 1567 qua
1458 1510 1559 1551 tum

278 1585 464 1637 erimus
485 1583 702 1641 fructuri,
747 1599 854 1630 cum
901 1580 989 1629 hoc
1034 1585 1198 1646 corpus
1243 1582 1560 1646 abjeoefimus,

279 1662 552 1730 quamquam
580 1661 713 1726 hujus
744 1661 833 1719 rei,
868 1666 960 1708 non
990 1659 1234 1708 firmiorem
1263 1661 1419 1710 habuit
1447 1681 1559 1729 per-

280 1745 530 1793 suasionem
545 1778 561 1804 ,
592 1761 730 1810 quam
755 1741 918 1808 reliqui
939 1739 1196 1806 philosophi
1219 1741 1391 1807 antiqui
1405 1776 1419 1797 ‚
1451 1760 1558 1793 cum

281 1825 375 1874 sola
407 1825 522 1877 duce
550 1825 719 1873 ratione
735 1858 750 1884 ,
781 1823 839 1873 ad
867 1831 1032 1871 certam
1063 1821 1199 1885 hujus
1230 1822 1293 1870 rei
1325 1824 1554 1874 scientiam

279 1906 480 1956 homines
504 1904 736 1973 pervenire
765 1922 855 1953 non
887 1919 1020 1970 posse
1047 1901 1293 1953 videantur.
