1835 3168
737 222 813 278 --(
873 226 930 278 76
990 224 1068 280 )-

255 367 538 443 praesertim
583 376 627 425 in
667 374 827 444 divites
870 373 1113 424 calumnias
1156 377 1428 442 proferentes
1443 410 1460 439 ‚
1504 384 1551 425 et

267 458 400 506 malis
461 455 739 506 sermonibus
793 455 961 505 ducum
1004 456 1211 523 deceptos
1226 492 1240 518 ,
1288 460 1550 526 tertiamque

266 547 441 602 partem
487 536 603 582 inter
647 533 780 583 hasoe
811 534 1007 585 mediam
1030 538 1319 588 constitutam
1336 557 1362 600 3¹>
1393 540 1441 587 in
1468 539 1552 591 hac

217 677 224 684 q
266 627 415 667 autem
444 615 685 664 subsistere
714 616 832 664 vires
865 617 1082 677 civitatis,
1109 634 1300 682 eamque
1324 616 1550 665 civitatem

264 715 440 749 servare
469 698 598 764 (33).
684 697 851 744 Pariter
898 696 946 742 in
999 696 1194 755 Hercule
1242 697 1438 745 Furente
1466 696 1551 744 do-

262 788 355 839 cet,
400 790 555 834 rerum
585 790 806 827 novarum
836 775 1021 842 cupidos
1052 792 1227 843 semper
1248 775 1350 838 'esse
1378 793 1553 843 paupe-

260 877 331 908 res
351 893 367 918 ,
411 861 491 926 qui
530 858 644 906 nihil
687 857 962 924 possidentes
976 891 992 918 ,
1038 859 1221 909 omnino
1267 858 1332 906 nil
1363 867 1552 924 possunt

262 936 465 990 amittere
481 974 495 999 ,
539 939 713 996 etiamsi
744 938 899 988 civitas
922 937 1237 990 tota-turbetur
1259 946 1305 986 et
1325 939 1562 1005 ruat(34).

262 1021 440 1082 Quodsi
469 1020 694 1086 populum
724 1019 874 1084 ipsum
902 1019 981 1066 tali
1016 1018 1153 1067 modo
1183 1019 1341 1068 docere
1370 1020 1560 1068 audebat

262 1109 309 1149 et
365 1117 572 1167 carpere,
603 1106 703 1148 'non
747 1099 895 1148 minus
943 1099 1076 1148 duces
1118 1108 1163 1168 et
1193 1109 1388 1149 oratores
1417 1101 1560 1151 malos

258 1179 544 1236 insectatur,
569 1195 675 1225 cum
704 1178 762 1223 hie
782 1180 1041 1240 praesertim
1077 1178 1301 1241 populum
1331 1183 1559 1243 captarent

257 1256 500 1322 splendidis
536 1254 811 1304 orationihus
826 1288 843 1314 ‚
872 1255 1038 1321 quibus
1064 1254 1308 1321 'potentiam
1338 1265 1383 1305 et
1412 1257 1557 1323 glori-

251 1354 331 1386 am
372 1336 531 1403 populi
577 1334 845 1391 extollebant
860 1369 876 1396 ,
922 1350 1109 1404 eamque
1142 1345 1325 1387 auctum
1355 1339 1411 1388 iri
1440 1354 1555 1406 pro-

255 1420 492 1467 mittebant
507 1450 523 1477 ,
545 1428 605 1466 ‘et
628 1435 683 1465 eo
712 1418 848 1465 modo
877 1418 1007 1466 illum
1038 1419 1095 1467 ad
1125 1421 1277 1467 omnia
1308 1420 1549 1485 quaevel-

255 1499 354 1549 lent
367 1533 383 1558 ,
428 1497 663 1547 ducebant.
727 1496 1066 1546 Atheniensium
1093 1498 1293 1564 profecto
1319 1508 1546 1550 oratorum

254 1596 441 1646 gregem
513 1578 571 1626 ad
630 1579 789 1628 vivum
850 1579 1028 1628 videtur
1072 1581 1336 1646 expressisse
1352 1615 1368 1640 ,
1439 1600 1546 1632 cum

252 1661 409 1710 Medea
453 1659 588 1718 dicit,
613 1649 619 1655 '
649 1648 702 1706 se'
728 1677 755 1706 a
798 1659 969 1706 multis
991 1658 1250 1708 hominibus
1296 1664 1345 1727 (a
1391 1681 1545 1729 popu-

252 1742 298 1789 lo
328 1748 438 1807 puta
468 1737 827 1801 Atheniensium)
870 1739 1083 1786 sententia
1115 1738 1389 1806 discrepare:
1437 1759 1544 1792 nam

258 1841 306 1871 se
331 1822 504 1870 malum
535 1820 762 1868 hominem
810 1819 889 1867 sed
932 1819 1172 1869 facundum
1201 1823 1413 1871 mulctare
1442 1823 1546 1872 vel-

255 1903 300 1950 le
315 1937 331 1962 ‚
376 1918 483 1950 cum
528 1900 568 1948 is
616 1899 674 1948 sit
714 1899 924 1946 scelestus
939 1932 955 1957 ,
1001 1899 1080 1964 qui
1126 1901 1335 1963 injustam
1364 1917 1544 1949 causam

254 1983 405 2032 verbis
465 1997 517 2028 se
579 1997 737 2029 ornare
790 1996 924 2045 posse
983 1978 1202 2046 glorietur
1264 1982 1392 2048 (35).
1485 1983 1544 2031 In

253 2062 506 2129 Hippolyto
553 2077 695 2128 quum
742 2058 872 2118 dicit,
902 2088 908 2094 «
938 2058 1054 2108 illud
1101 2076 1196 2108 esse
1241 2068 1364 2127 quod
1408 2060 1541 2110 urbes

252 2154 299 2193 et
350 2133 540 2192 familias
587 2142 764 2209 perdit,
810 2159 954 2209 quum
995 2142 1097 2208 quis
1124 2141 1231 2191 dicit
1245 2173 1263 2203 ,
1288 2161 1419 2209 quae
1454 2162 1541 2192 au·

252 2224 378 2272 ribus
410 2232 516 2271 sunt
542 2232 668 2289 grata
685 2255 701 2281 ,
740 2237 831 2268 non
863 2238 970 2270 vero
1001 2238 1116 2288 quae
1147 2221 1385 2288 expediunt
1400 2224 1508 2288 (36)
1524 2257 1541 2284 ,

252 2313 348 2353 tota
376 2303 484 2352 belli
505 2301 861 2368 Peloponnesiaci
883 2301 1064 2355 historia
1077 2334 1093 2362 ‚
1121 2302 1380 2367 praesertim
1394 2302 1538 2351 Athe-

250 2387 472 2434 niensium
501 2386 549 2432 in
588 2384 787 2433 Siciliam
818 2383 1038 2449 expeditio
1054 2416 1070 2444 ‚
1102 2382 1237 2448 hujus
1270 2383 1375 2432 dicti
1407 2384 1537 2431 testi-

1434 2480 1538 2512 mo-

245 2532 482 2551 ...n——

300 2583 391 2632 (33)
444 2577 616 2632 supplic.
644 2579 712 2628 238
738 2592 819 2630 sqq.

301 2658 392 2706 (34)
444 2653 605 2693 Hercul.
638 2653 726 2692 Fur.
755 2655 837 2704 589.

301 2735 391 2782 (35)
441 2731 585 2771 Medea
610 2733 697 2771 580.

302 2811 391 2860 (36)
443 2809 599 2863 Hippot,
625 2809 711 2858 486.
