1835 3168
388 444 851 554 CAPUT
873 454 1435 550 mnrium„

526 639 608 686 De
644 640 928 701 arnmot-um
952 631 1324 693 mmortalatate

283 792 589 882 Accedimus
634 825 694 873 ad
722 825 899 874 tertiam
928 823 986 873 de
1016 824 1297 891 philosophia
1328 825 1566 892 Euripidea

282 904 576 967 quaestionem
591 937 608 964 ‚
653 922 745 972 qua
788 914 1001 954 tractatur
1043 904 1101 953 de
1141 904 1302 952 animo·
1335 904 1533 968 humano
1547 939 1567 969 ,

281 981 470 1049 ejusque
529 992 649 1032 statu
712 994 815 1049 post
872 993 1065 1034 mortem
1080 1017 1097 1043 ,
1165 985 1259 1034 sive
1320 984 1562 1048 discessum

279 1079 308 1109 a
337 1079 541 1128 corpore.
601 1063 805 1114 Breviter
846 1079 957 1114 vero
995 1079 1080 1111 nos
1109 1061 1198 1116 hoe
1225 1063 1370 1128 capite
1399 1081 1532 1130 agere
1545 1100 1563 1126 ,

273 1149 323 1190 et
367 1159 572 1208 pensum.
613 1143 843 1195 absolvere
880 1143 1127 1211 poterimus
1140 1175 1157 1203 ,
1202 1160 1307 1192 cum
1353 1145 1530 1211 egregie
1545 1179 1562 1206 ,

273 1220 362 1271 hae
404 1222 463 1271 de
492 1240 544 1271 re
558 1257 575 1283 ,
620 1222 915 1289 disputaverit
944 1239 1147 1271 summus
1179 1223 1526 1273 Valckenaerius
1543 1259 1559 1285 ,

271 1302 321 1350 in
363 1302 568 1351 Diatribe
624 1304 789 1369 saepius
831 1301 1009 1351 laudata
1055 1319 1096 1353 e.
1146 1303 1234 1352 VI.
1294 1303 1455 1352 Paucis
1478 1291 1558 1353 *ta-
1594 1364 1596 1366 Ι

272 1399 380 1432 men
411 1381 638 1449 Euripidis
679 1383 898 1450 explicare
927 1399 1143 1432 conemur
1172 1381 1468 1442 sententiam,
1510 1392 1557 1432 et

271 1481 379 1513 cum
423 1464 472 1512 in
518 1462 606 1514 hoc
645 1479 827 1530 quoque
865 1463 973 1522 1090
1003 1463 1134 1512 nobis
1148 1497 1165 1524 ,
1219 1472 1324 1531 post
1368 1479 1556 1530 magnos

267 1545 391 1596 viros
407 1577 424 1605 ,
467 1543 779 1610 Anaxagoram
806 1528 983 1592 secut'us
1013 1543 1241 1604 videatur,
1284 1544 1419 1610 hujus
1450 1546 1554 1611 opi-

269 1626 426 1674 niones
486 1624 544 1673 de
581 1623 659 1672 illa
701 1623 948 1689 quaestioue
994 1640 1267 1689 exponemus
1314 1630 1551 1678 succincte.

266 1707 552 1772 Anaxagorae
607 1719 716 1754 vero
758 1702 958 1752 doctrina
1004 1720 1092 1752 una
1138 1705 1335 1770 graviori
1378 1705 1551 1755 laborat

265 1786 524 1835 difficultate
538 1818 555 1846 ,
584 1801 695 1850 cum
717 1800 811 1832 non
840 1785 945 1831 satis
974 1793 1175 1845 constet,
1205 1802 1445 1852 quamnam
1473 1786 1549 1837 hic

264 1866 469 1916 stamerit
500 1865 795 1915 differentiam
810 1899 828 1926 ,
854 1865 971 1914 inter
999 1868 1213 1915 animum
1243 1875 1288 1915 et
1308 1868 1546 1928 animam,

263 1957 310 1997 et
336 1966 395 1997 an
424 1948 573 1997 ullum
603 1949 720 1997 inter
748 1963 821 1996 eas
850 1945 1088 1996 discrimen
1120 1947 1357 1998 admiserit.
1391 1950 1542 2011 Quam

260 2028 456 2079 dilucide
499 2028 614 2078 illud
659 2046 687 2077 a
727 2027 857 2077 nobis
888 2028 1031 2095 possit
1059 2029 1159 2079 fleri
1186 2027 1302 2078 hanc
1331 2046 1429 2079 rem
1460 2049 1542 2080 ex·

258 2109 427 2177 plicare
456 2118 608 2159 tamen
636 2106 917 2161 conabimur.

324 2193 609 2261 Anaxagorae
669 2190 868 2239 doctrina
923 2189 1101 2241 videtur
1143 2189 1225 2240 illo
1269 2192 1434 2259 placito
1468 2195 1537 2245 in

257 2273 419 2342 primis
464 2272 608 2322 innisa
636 2289 760 2333 esse,
798 2271 1034 2321 hominum
1060 2270 1232 2321 animos
1260 2290 1356 2322 esse
1389 2284 1536 2339 partes

257 2354 420 2425 ιῃφεῐε
466 2354 587 2403 illius
627 2352 833 2413 divinae,
863 2369 1001 2420 quem
1029 2353 1180 2401 Deum
1206 2369 1301 2401 esse
1324 2353 1535 2406 vidimus.

256 2435 513 2485 Aristoteles
541 2435 688 2496 enim,
711 2436 799 2502 qui
830 2451 937 2483 eum
965 2431 1236 2483 eonfimdere
1258 2436 1536 2485 statuimus·-

255 2533 390 2565 mum
435 2526 482 2566 et
508 2533 750 2577 ammam,
798 2519 895 2568 νοῦν
926 2522 973 2564 et
996 2512 1218 2581 ψυχὴν,
1222 2525 1357 2566 eum‘
1383 2515 1538 2569 dionu-

253 2609 348 2652 tem
377 2599 513 2663 facit,
534 2601 765 2661 ananam,-
793 2597 980 2665 ψυχην,
1012 2612 1108 2646 esse
1136 2596 1274 2646 illud
1269 2596 1403 2664 quod
1426 2615 1539 2656 mo-

254 2692 382 2734 veut:
430 2682 632 2751 aliosque
666 2680 869 2745 similiter
900 2667 1129 2741 seatdffise,
1159 2678 1356 2759 ‘quibua
1372 2679 1538 2760 plafiuit

1378 2803 1384 2827 .·
1463 2778 1543 2825 zu?
