1835 3168
755 231 1055 291 ...(2)...

263 377 401 438 mias,
433 379 596 446 quibus
620 379 834 446 praeditus
849 391 937 441 est,
966 380 1134 445 majora
1149 388 1370 445 spectare,
1399 394 1537 446 quam

264 462 408 507 vitam
443 461 720 526 septuaginta
752 471 828 510 aut
859 461 1083 528 octoginta
1117 478 1359 521 annorum,
1391 460 1535 509 mole·

266 539 360 586 stiis
393 548 437 587 et
470 541 687 589 aerumnis
719 540 946 607 repletam.
1010 544 1079 590 Ita
1119 540 1404 607 cogitationes
1434 557 1535 588 suas

266 618 324 666 ad
365 620 511 670 divina
543 622 746 679 extollit,
787 631 832 670 et
872 640 972 670 ecce
1001 631 1102 669 nata
1134 631 1200 669 est
1228 620 1506 685 philosophia
1522 654 1538 679 ,

266 716 410 764 quae,
449 709 501 748 ut
531 701 666 750 Plato
697 710 814 748 recte
843 701 989 757 dixit,
1030 700 1200 746 donum
1231 708 1275 746 et
1306 698 1538 748 inventum

264 786 331 825 est
360 778 579 839 deorum,
611 779 733 845 quod
764 781 847 827 toti
878 778 1111 825 hominum
1141 778 1290 844 generi
1321 777 1369 825 in
1389 778 1538 826 medio

264 868 308 906 et
341 862 573 908 communi
601 861 851 925 expositum
883 863 1064 927 est(1).

266 982 271 987 ,
328 939 486 1007 Neque
527 941 653 989 aliter
698 942 844 1008 poesis
877 951 972 990 orta
1004 960 1097 991 esse
1127 940 1318 991 videtur.
1383 926 1537 1001 Quum

262 1021 381 1074 enim
412 1021 614 1070 homines
629 1055 645 1079 ,
694 1023 827 1069 rudes
859 1022 905 1068 in
937 1023 1094 1086 primis
1126 1031 1170 1069 et
1201 1021 1354 1069 inculti
1371 1055 1385 1079 ,
1431 1022 1534 1069 ani·

260 1116 396 1149 mumv
416 1101 473 1149 ad
505 1098 674 1165 majora
705 1101 790 1150 illa.
820 1102 1110 1167 extollerent,
1135 1099 1211 1153 ‘de
1242 1101 1373 1166 rebus
1404 1110 1544 1151 natu·-

260 1198 360 1229 ram
390 1180 635 1230 humanam
667 1182 977 1246 superantibus
1009 1181 1202 1248 cogitare
1231 1183 1540 1242 instituerent,

263 1272 510 1318 praeterea».
534 1264 692 1320 multa¹
717 1264 762 1309 in
796 1273 952 1310 natura
982 1265 1083 1311 fieri·
1110 1264 1505 1327 animadverterent
1519 1297 1538 1322 ,

261 1359 455 1407 quorum
502 1342 631 1407 origo
673 1350 717 1389 et
765 1343 876 1390 ratio
924 1343 1025 1390 illos
1065 1342 1229 1390 latebat
1243 1376 1257 1400 ,
1288 1359 1379 1390 non
1410 1343 1540 1392 aliter

261 1424 359 1478 fieri
390 1431 570 1487 pota-at
584 1456 599 1481 ,
633 1423 742 1487 quin
773 1439 930 1471 eorum
959 1423 1129 1469 animos
1159 1422 1267 1469 haec
1298 1423 1444 1469 omnia
1475 1423 1542 1470 ita·

262 1502 508 1561 afficerent,
542 1510 595 1550 ut
625 1501 859 1549 eliceretur
889 1504 1074 1568 poe'seos
1107 1501 1182 1550 illa
1214 1502 1282 1551 vis
1299 1536 1313 1562 ,
1345 1504 1541 1570 quamin-

265 1580 495 1631 hominum
541 1582 708 1629 intimis
742 1582 998 1646 praecordiis
1026 1582 1194 1648 ubique
1235 1583 1371 1632 latere
1418 1583 1538 1631 dixi-

263 1681 377 1715 mus,
441 1665 587 1727 Hujus
643 1664 707 1711 rei
756 1656 986 1712 veritatem
1031 1663 1214 1712 historia
1261 1660 1341 1713 nos
1386 1665 1534 1714 docet.

262 1762 415 1795 omnes
460 1744 578 1791 enim
609 1743 795 1809 populi,
830 1743 884 1790 de
915 1744 1084 1810 quibus
1112 1743 1280 1811 aliquid
1311 1745 1476 1813 nobis
1462 1764 1538 1795 m-

261 1826 446 1885 notuit‚
472 1841 562 1892 quo
595 1825 685 1872 sint
713 1823 996 1871 humanitatis
1027 1824 1168 1890 gradu
1185 1856 1201 1885 ‚
1231 1825 1460 1873 cultissimi
1491 1835 1545 1893 et·

264 1908 457 1956 maxime
514 1906 720 1964 barbari,
799 1905 897 1954 sive
934 1914 1097 1971 ,partes
1144 1914 1286 1953 terrae
1331 1905 1535 1963 habitant

182 2038 207 2050 ,,
264 2005 378 2055 quw
409 1987 572 2053 frigore
603 1987 776 2052 rigent,
819 1987 913 2046 sive
933 2003 1016 2049 ῗ,θεὶς
1032 2020 1048 2048 ,
1078 2004 1193 2054 quae
1223 1986 1370 2045 calore
1397 2005 1537 2061 uffin-

262 2080 361 2128 tur,
394 2085 547 2118 omnes
578 2069 753 2134 poetico
788 2077 892 2117 sunt
923 2067 1107 2135 praediti.
1129 2069 1308 2134 ingenio
1324 2102 1339 2127 ,
1383 2086 1536 2133 omnes

262 2151 403 2201 animi,
451 2149 719 2201 affectiones.
749 2159 795 2197 et
834 2136 999 2198 motus*
1022 2149 1150 2214 poesi
1193 2149 1385 2216 quadam
1425 2151 1537 2201 effe-

264 2239 398 2290 runt,
425 2230 631 2278 omnibus
662 2229 770 2278 haec
801 2247 982 2296 quoque
1013 2238 1080 2281 est
1106 2230 1269 2279 innata.

329 2313 501 2375 Quodsi
545 2312 829 2381 philosophia
867 2321 920 2368 et⁴
941 2312 1087 2379 poesis
1118 2311 1245 2360 solae
1267 2322 1370 2360 sunt
1401 2313 1537 2362 disci-

264 2396 412 2463 plinae
426 2430 441 2456 ,
490 2413 602 2462 quas
648 2404 803 2444 natura
844 2393 1054 2443 omnibus
1096 2394 1281 2460 populis.
1304 2394 1536 2454 tribuerit,

1415 2517 1418 2520 ⁴
1466 2485 1536 2524 et-

272 2654 485 2672 „an—nn—-C

316 2717 383 2770 (ι)
435 2716 597 2754 Plato
621 2725 662 2750 m
694 2712 850 2751 Timaeo
878 2725 913 2760 p.
938 2720 999 2760 47.
1025 2710 1069 2752 C.
1096 2709 1156 2750 Cf.
1182 2709 1380 2749 Cicero
1430 2712 1537 2749 Aca-

264 2777 362 2816 dem.
402 2780 431 2814 1.
471 2785 507 2813 2.
553 2772 709 2812 Tuscul.
748 2776 778 2811 1.
818 2771 878 2810 26.
927 2769 1300 2821 wyttenbaeh.
1346 2771 1545 2809 Lectiones

274 2835 449 2887 Quinque
475 2848 497 2871 a
535 2832 744 2872 Mahnio
774 2830 819 2870 V.
848 2832 904 2869 Cl.
929 2830 1050 2868 editae
1076 2844 1110 2881 p.
1135 2832 1173 2869 5.
