1835 3168
753 218 832 278 -(
894 221 946 263 15
1004 218 1083 277 )...

277 375 392 429 Nam
434 387 706 439 quamquam
751 387 808 420 eo
824 403 840 428 ,
887 383 980 435 quo
1028 367 1171 427 vixit,
1200 374 1400 433 tempore
1431 365 1550 417 hand

276 456 409 524 pauci
441 464 565 501 erant
590 455 635 500 in
668 454 745 500 illa
775 451 890 501 urhe
904 483 919 508 ,
965 451 1044 516 qui
1074 450 1300 515 puriorem
1315 483 1332 506 ,
1359 449 1415 495 de
1443 447 1556 495 deo·-

277 554 378 586 rum
424 535 547 584 cultu
562 569 578 595 ,
634 533 881 589 doctrinam
930 534 1192 599 recepissent
1207 532 1252 592 ,J
1278 532 1453 599 riteque
1497 528 1555 580 de

278 620 469 669 vanitate
498 629 545 667 et
572 618 823 686 puerilitate
853 616 1099 682 judicarent
1143 614 1392 681 theologiae
1427 631 1556 662 reee—

277 710 379 767 ptae
393 736 408 761 ,
437 719 552 769 quae
581 701 781 750 Homero
813 708 858 748 et
887 696 1083 748 Hesiodo
1096 695 1557 763 praesertimdebeba-

278 791 380 845 tur3
427 783 476 829 hi
507 792 656 831 tamen
686 782 748 829 dii
772 779 1144 839 innumerabiles,
1173 778 1309 846 patrii
1340 786 1463 826 erant
1492 778 1556 826 dii

276 873 324 911 et
367 864 645 912 habebantur
659 896 674 921 ,
732 863 840 910 festa
884 863 933 910 in
977 879 1133 910 eorum
1179 861 1397 910 honorem
1439 861 1559 909 civi-²·

279 953 348 992 tas
375 944 647 1004 celebrabat,
678 944 845 1010 templa
876 959 1033 991 eorum
1046 978 1063 1006 ‚
1094 943 1225 990 certis
1256 942 1432 1001 diebus,
1465 959 1558 1007 pua

279 1025 396 1074 blice
427 1025 687 1086 adibantur,
717 1026 832 1074 dona
862 1035 908 1073 et
938 1035 1044 1075 vota
1072 1025 1257 1092 publice
1281 1025 1335 1073 iis
1363 1022 1556 1082 fiebant,

278 1108 568 1175 magistratus
611 1109 853 1175 peculiares
894 1117 1020 1157 erant
1034 1141 1050 1168 ,
1095 1124 1292 1174 quorum
1323 1124 1430 1155 cura
1460 1096 1556 1154 erat

277 1191 501 1240 attendere
519 1226 534 1251 ,
575 1200 628 1240 ut
667 1191 752 1239 rite
789 1191 898 1239 haec
927 1190 1045 1238 dona
1077 1197 1123 1237 et
1154 1189 1365 1252 pecuniae
1379 1223 1395 1249 ,
1441 1206 1558 1254 quae

277 1273 477 1322 exvotis
508 1273 815 1338 profluebant,
847 1272 1286 1331 administrarentur,
1318 1281 1364 1318 et
1394 1271 1438 1317 in
1468 1270 1558 1318 tie-

279 1370 411 1401 0rum
468 1369 600 1402 usum
658 1363 1051 1404 converterentur:
1130 1352 1270 1401 verbo
1287 1386 1303 1411 ,
1360 1353 1558 1417 populus

279 1434 554 1482 Atheniensis
599 1434 683 1482 hos
728 1436 836 1483 deos
875 1435 1007 1484 veros
1039 1433 1246 1481 credebat
1259 1467 1276 1493 ,
1323 1443 1367 1480 et
1399 1451 1559 1498 super-

280 1516 505 1565 stitionem
549 1532 677 1564 suam
723 1517 878 1566 veram
925 1515 1117 1564 ducebat
1156 1534 1250 1565 esse
1280 1511 1556 1582 religionem.

278 1597 474 1645 Periculi
519 1597 706 1664 plenum
753 1597 891 1664 igitur
939 1607 1034 1646 erat
1065 1614 1205 1664 opus,
1258 1598 1313 1646 de
1343 1598 1414 1647 his
1445 1598 1528 1646 diis
1542 1631 1558 1658 ‚

280 1679 450 1728 homini
491 1698 596 1728 sana
639 1689 785 1727 mente
808 1667 875 1728 'et'
892 1690 1013 1728 recto
1037 1681 1205 1743 judicio
1234 1680 1461 1744 praedito,
1507 1683 1556 1728 in

281 1756 464 1824 publico
495 1758 709 1807 disserere
725 1792 739 1818 ,
771 1768 817 1807 et
847 1759 1072 1825 disputare
1101 1759 1159 1808 de
1188 1759 1429 1826 theologia.

178 1905 192 1913 υ
230 1886 262 1899 ,.
297 1857 301 1859 “
345 1841 396 1890 Si
426 1842 546 1889 enim
576 1842 676 1907 quis
706 1840 845 1889 dubia
873 1850 1074 1891 moveret
1088 1875 1102 1900 ,
1147 1834 1299 1891 contra
1315 1843 1439 1893 ‘haec
1468 1863 1561 1893 nu-

282 1922 403 1969 mina
415 1954 431 1981 ,
461 1937 618 1969 eorum
658 1923 839 1981 mores,
879 1921 946 1969 uti
976 1922 1338 1987 proponebantur
1353 1958 1368 1983 ,
1399 1942 1560 1991 carpe-

283 2007 354 2049 ret'
366 2036 381 2060 ,
418 2004 659 2051 vanitatem
690 2011 735 2050 et
764 2000 1017 2050 fu'tilitatem
1048 2001 1225 2052 doceret
1253 2004 1397 2054 cultus
1413 2040 1428 2065 ,
1476 2007 1555 2072 qui

282 2083 336 2131 iis
357 2083 655 2132 'tribuebatur
669 2117 685 2145 ,
728 2084 971 2151 generatim
997 2072 1246 2135 aedificium
1278 2086 1391 2136 illud
1423 2085 1557 2135 theo-

282 2164 426 2230 logiae
488 2166 681 2215 Graecae
744 2159 877 2214 nullis
932 2166 1083 2216 solidis
1135 2167 1428 2218 fundamentis
1475 2188 1557 2218 su-

283 2257 580 2314 perstructum
595 2284 610 2308 ,
689 2244 769 2298 sed¹
844 2250 1102 2317 antiquitate
1162 2261 1208 2299 et
1252 2252 1370 2301 avita
1393 2235 1560 2302 ''tradi-

284 2330 405 2377 tione
451 2340 691 2391 sacratum,
737 2341 936 2399 quateret
967 2342 1045 2382 aut
1081 2333 1341 2399 labefactare
1372 2351 1560 2384 conare-

286 2420 361 2458 tur
371 2409 389 2470 r,
450 2413 702 2477 impietatis
748 2414 915 2461 crimen
983 2431 1060 2463 le
1118 2403 1287 2483 poterat
1330 2414 1559 2483 effugere3

287 2509 402 2559 quae
447 2494 594 2559 apud
611 2494 905 2544 Athenienses
942 2498 1202 2564 gravissima
1244 2508 1340 2565 erat
1377 2500 1560 2548 accusa-

286 2577 375 2621 tio
366 2608 381 2634 ‚
459 2590 570 2643 quae
631 2593 722 2624 non
780 2579 866 2626 nisi
926 2576 1071 2627 morte
1125 2590 1303 2655 poterat
1377 2581 1560 2647 expiari.

288 2657 405 2706 Huic
466 2658 613 2708 autem
659 2660 861 2717 Deorum
906 2662 1047 2711 cultui
1083 2666 1162 2730 qui
1191 2657 1324 2747 plane
1353 2682 1401 2714 se
1429 2664 1563 2713 dedi-

288 2741 386 2787 tum¹
428 2741 781 2804 pronuntiasset,
823 2742 942 2791 hunc
975 2745 1018 2791 in
1053 2742 1225 2810 scriptis
1251 2739 1424 2812 ubique
1453 2758 1564 2811 pro-‘-

1478 2837 1563 2887 1³0-
