1835 3168
753 157 1057 267 45)-

264 359 435 422 etiamsi
475 358 594 425 apud
637 374 796 409 omnes
834 370 927 404 non
949 354 1009 421 ad
1039 353 1223 405 eandem
1252 354 1543 422 pervenerint·

252 439 560 490 maturitatem
577 474 592 500 ,
622 438 800 488 miratio
830 436 1183 497 nullas-nostram
1211 435 1383 485 subibit
1400 452 1532 483 men-

264 519 354 569 tem
373 554 389 581 ,
435 521 473 567 si
504 538 577 568 eas
609 535 790 587 quoque
836 516 957 583 apud
985 533 1138 564 omnes
1168 526 1319 582 gentes
1338 549 1354 575 ,
1379 515 1535 563 incul-

265 611 331 649 tas
387 600 631 667 praesertim
647 635 662 660 ,
727 599 981 663 conjunctas
1037 614 1131 646 esse
1191 597 1407 648 videmus.
1473 599 1533 646 Et

263 681 461 748 profecto
476 717 492 743 ‚
532 699 637 732 cum
684 679 872 748 utraque
918 679 1068 727 animo
1107 678 1384 740 ‚sublimitate
1430 695 1537 727 sen-

265 762 397 811 suum
436 763 554 811 elato
572 796 603 822 ,¹
626 771 673 810 et
712 763 872 809 mentis
904 762 1031 827 quasi
1061 762 1304 810 extensioni
1332 762 1537 827 primum

262 840 424 891 debeat
437 852 586 890 ortum
600 850 643 888 et
658 841 874 906 originem
888 875 904 899 ‚
935 841 1129 890 accidere
1143 843 1334 891 debebat
1349 877 1364 901 ,
1389 852 1441 891 ut
1456 859 1542 891 eo·-

265 920 369 967 dem
396 929 598 985 tempore
628 927 907 967 nascerentur
921 952 936 978 ,
970 929 1105 986 utque
1116 921 1259 970 eidem
1273 922 1385 970 fonti
1400 924 1541 988 origi-

265 1013 371 1049 nem
400 989 640 1061 debente&
682 1001 817 1049 altera
858 1001 1043 1049 alteram
1082 1011 1346 1052 sustentaret
1377 1000 1423 1052 ct
1450 1020 1547 1050 nu-

267 1082 419 1145 triret3
465 1084 528 1131 ita
542 1116 558 1138 ‚
605 1091 656 1130 ut
696 1081 843 1148 poesis
872 1081 1178 1149 philosophiae
1202 1084 1416 1132 tribueret
1443 1081 1545 1132 for-

269 1181 390 1213 mam
406 1199 422 1225 ,
452 1165 517 1213 rei
545 1172 730 1213 naturae
760 1172 805 1212 et
835 1162 1109 1212 audientium
1138 1164 1321 1214 auribus
1362 1180 1545 1214 accom-

268 1247 497 1295 modatam
512 1280 528 1306 ,
569 1245 677 1294 haec
718 1250 904 1311 poeseos
949 1247 1135 1294 maten‘a
1182 1257 1295 1294 esset
1326 1256 1371 1293 et
1400 1263 1542 1311 argu-

269 1335 485 1374 mentum.
834 1333 838 1335 “

333 1405 532 1453 Rudium
571 1406 693 1452 enim
740 1405 973 1452 hominum
1013 1420 1143 1453 aures
1184 1422 1322 1472 quam
1363 1407 1550 1456 minime

272 1484 393 1551 capit
436 1484 608 1533 solutae
656 1483 865 1531 orationis
910 1483 1101 1533 suavitas
1116 1517 1133 1545 ,
1177 1501 1324 1552 neque
1366 1486 1404 1534 si
1435 1486 1567 1553 quid-

193 1605 202 1613 ,
270 1584 441 1616 novum
455 1601 472 1626 ,
501 1568 739 1615 attentione
768 1565 980 1632 dignum,
1010 1567 1111 1632 quis
1138 1583 1215 1616 eos
1245 1568 1420 1628 doceri,
1448 1568 1543 1616 imo

270 1647 449 1706 audire,
494 1647 733 1712 cupivisset
744 1680 762 1706 ,
804 1646 933 1694 solita
963 1647 1174 1712 loquendi
1203 1650 1376 1696 ratione
1406 1648 1547 1713 quid-

268 1745 404 1792 quam
449 1726 718 1792 profecisset.
791 1726 934 1785 Nam,
971 1742 1075 1774 cum
1105 1735 1206 1775 ante
1235 1726 1467 1776 literarum
1497 1738 1546 1778 et

269 1808 512 1873 scripturae
556 1807 857 1855 inventionem
873 1839 887 1864 ‚
928 1805 1079 1852 omnia
1108 1807 1324 1854 memoria
1355 1807 1543 1856 tenenda

270 1897 414 1936 essent
428 1922 444 1948 ‚
491 1905 626 1955 quam
665 1887 857 1936 maxime
887 1903 1001 1952 opus
1032 1895 1125 1934 erat
1138 1920 1155 1947 ,
1198 1896 1250 1935 ut
1280 1905 1467 1936 numero
1498 1877 1564 1937 et'

274 1969 457 2036 rythmo
501 1987 553 2018 ea
598 1978 746 2018 essent
789 1975 1023 2027 contentas
1071 1984 1188 2033 quae
1231 1968 1279 2016 in
1323 1961 1540 2018 m'emoria

275 2050 510 2115 hominum
554 2059 831 2099 servarentur
875 2057 921 2096 et
963 2065 1049 2114 per
1092 2065 1167 2096 ora
1213 2051 1363 2098 virum
1408 2052 1541 2100 irent.

277 2132 393 2179 Hinc
447 2129 566 2196 apud
594 2147 747 2179 omnes
790 2136 941 2196 gentes
958 2162 974 2189 ,
1032 2128 1332 2195 antiquissima
1348 2164 1364 2189 ,
1425 2148 1543 2197 quae

276 2219 532 2276 supersunt,
566 2208 731 2275 ingenii
762 2207 1073 2276 doctrinaeque
1103 2219 1389 2258 monumenta
1419 2211 1546 2277 liga-

275 2299 324 2339 to
380 2301 581 2338 sermone
633 2290 912 2338 continentur
924 2322 941 2350 ,
996 2290 1090 2340 sive
1134 2291 1406 2339 narrationes
1454 2293 1544 2341 sint

278 2383 323 2423 et
351 2374 582 2424 relationes
610 2374 828 2424 factorum
855 2373 1105 2436 nobilium,
1158 2393 1184 2422 a
1213 2374 1403 2424 fortibus
1435 2375 1542 2426 viris

277 2455 497 2504 editorum
513 2491 528 2516 ,
571 2457 663 2507 sive
691 2466 923 2525 praecepta
953 2456 1008 2505 ad
1040 2474 1187 2506 mores
1217 2457 1511 2507 emendandos
1529 2492 1543 2517 ,

281 2546 327 2583 et
370 2537 623 2601 religionem
642 2571 657 2596 ,
707 2538 780 2588 vel
819 2538 959 2588 vitam
1002 2538 1315 2587 instituendam
1356 2548 1401 2586 et
1433 2538 1545 2585 bene
1578 2585 1581 2588 Δ

280 2617 516 2683 regendam
547 2618 885 2667 accommodata.

347 2699 534 2764 Neque,
584 2699 703 2766 apud
740 2701 967 2760 Graecos,
1013 2699 1100 2760 alio
1143 2698 1277 2749 modo
1319 2715 1411 2748 sese
1441 2696 1551 2747 haec

850 2781 889 2831 A
928 2797 952 2827 2
1483 2793 1554 2827 res
