1835 3168
709 185 785 242 —-(
848 198 902 245 72
965 187 1044 245 )-

281 353 417 390 orum
432 373 449 401 ,
478 348 584 396 non„
599 339 747 389 min'us
765 332 867 388 illos
882 335 1065 388 extollit*
1071 351 1178 404 prae
1191 332 1392 393 barbaris
1408 339 1469 388 ob
1479 338 1571 390 hu-

264 422 538 472 manitatem
567 428 614 469 et
640 421 882 490 pietatem-V
930 419 1048 470 Nam
1076 434 1182 469 cum
1216 420 1263 469 in
1296 419 1569 484 Heraclidis,

273 504 374 568 regi
430 498 766 549 Atheniensium
814 501 1045 551 nuntiatur
1058 534 1074 562 ,
1136 500 1333 569 aliquem
1379 501 1575 552 voluisse

274 579 534 647 >supplicem
567 579 625 628 ab
640 598 718 631 ara
735 582 927 632 avellere
940 612 957 642 ,
987 600 1066 630 rex
1081 616 1098 642 ,
1126 582 1207 630 illo
1219 582 1375 630 nuntio
1390 583 1544 633 audito
1560 617 1577 643 ,

267 662 401 710 ‘hunc
412 660 474 710 ita
489 661 746 728 alloquitur.
776 665 987 712 Graecum
1004 662 1185 728 quidem
1203 657 1348 728 gestas
1360 665 1575 730 pallium,

278 733 539 808 ceteroquin
567 741 681 791 faeta
697 751 773 791 tua
789 741 1027 791 barbaram
1042 750 1237 808 arguunt
1251 759 1434 793 manum
1444 746 1465 812 (
1475 744 1574 808 24).

280 822 372 870 Sed
409 822 447 870 si
484 821 607 871 hisce
637 823 907 873 Graeeorum
938 824 1253 874 universorum
1281 826 1452 875 animos
1484 826 1576 875 du-

279 911 426 964 ceret,
456 912 509 952 ut
538 905 698 971 patr-ite
724 904 1039 971 praestantiam
1055 914 1369 988 agnoscerent,
1400 923 1574 973 proque

267 998 337 1032 ea·
383 985 539 1033 omnia
580 985 795 1033 facerent
822 993 868 1032 et
910 984 1061 1033 subire
1091 982 1236 1033 essent
1265 986 1438 1079 parati3
1483 1002 1574 1033 non

282 1065 632 1117 obliviscebatur
691 1083 741 1114 se
796 1065 1109 1115 Atheniensem
1154 1064 1248 1115 esse
1264 1100 1281 1127 ,
1351 1067 1574 1134 praecipue

282 1147 630 1198 Atheniensibus
668 1164 718 1195 se
754 1146 1028 1210 Tragoedias
1057 1146 1248 1194 scribere
1262 1178 1277 1204 ,
1306 1155 1353 1194 et
1374 1148 1446 1196 sic
1489 1164 1576 1211 pa·-

282 1225 384 1272 triae
410 1225 554 1289 gloria
584 1232 631 1271 et
658 1217 837 1271 fortuna
851 1255 868 1281 ,
900 1239 991 1288 qua
1010 1239 1094 1271 suo
1109 1232 1310 1289 tempore
1324 1223 1572 1290 gaudebat,

281 1304 514 1364 ineensuS,
558 1300 751 1353 Athenas
796 1318 897 1369 prae
936 1302 1148 1352 omnibus
1179 1303 1351 1353 extollit
1381 1304 1572 1353 Graeciae

283 1383 538 1435 civitatibus
553 1416 570 1444 ,
633 1383 824 1449 ejusque
881 1383 1012 1433 urbis
1058 1383 1178 1435 cives
1218 1385 1427 1434 omnihus
1475 1385 1571 1433 aliis

285 1465 463 1515 Graeeis
516 1465 781 1532 anteposuit.
856 1467 974 1516 Nam
1020 1482 1112 1514 non
1155 1474 1330 1514 tantum
1378 1466 1572 1516 Athenas

287 1547 472 1598 vocavit
499 1545 667 1611 ζαθέαν
690 1543 873 1605 Θῆο-εως
905 1544 1092 1613 χώραν,
1110 1547 1225 1613 (25)
1250 1546 1344 1597 sive
1377 1548 1464 1600 τᾶν
1498 1550 1571 1599 εὐ-

286 1628 529 1694 χαρίστως
559 1629 771 1691 ἔχουσαν
802 1625 971 1691 πόλὶν(
980 1625 1064 1688 26)
1073 1646 1089 1690 3
1133 1627 1210 1675 sed
1239 1645 1344 1676 cum
1359 1628 1567 1677 mulieres

282 1708 506 1772 Troianae
544 1706 592 1753 in
633 1707 871 1755 Graeciam
901 1705 949 1752 in
979 1705 1242 1771 captavitate
1270 1707 1453 1771 jamjam
1478 1707 1569 1756 du-

281 1797 487 1837 cerentur
501 1821 518 1848 ,
557 1786 721 1836 chorus
761 1787 977 1835 instanter
1007 1785 1114 1834 deos
1144 1794 1356 1852 precatur
1370 1820 1384 1845 ‚
1431 1804 1490 1836 ne
1519 1788 1567 1837 in
1600 1809 1605 1814 ·

280 1871 417 1919 aliam
443 1878 610 1917 terram
640 1869 886 1917 abducatur
903 1902 918 1927 ‚
966 1884 1104 1933 quam
1135 1868 1184 1915 in
1214 1866 1432 1915 celebrem
1464 1867 1567 1915 feli-

280 1967 471 2017 cemque
500 1949 664 1998 Thesei
696 1949 923 2033 regionem
937 1947 1064 2012 (27).
1128 1945 1323 1996 Athenas
1352 1944 1566 1996 dieitesse

280 2033 444 2101 urbem
459 2065 476 2091 ‚
505 2049 647 2099 quae,
681 2028 774 2097 quo
805 2029 964 2094 majori
995 2036 1226 2095 prematur
1255 2026 1450 2093 periculo
1464 2060 1481 2088 ,
1510 2044 1564 2076 eo

276 2094 522 2162 terribilior
550 2111 753 2161 hostibus
783 2113 862 2159 fiat
876 2143 894 2171 ,
939 2111 1002 2157 ita
1032 2117 1086 2157 ut
1113 2109 1316 2174 Gorgoni
1347 2109 1405 2156 sit
1433 2108 1566 2157 simi-

252 2194 335 2242 >lis
349 2228 365 2253 ‚
410 2205 657 2259 omnesque
695 2193 845 2244 vineat
873 2191 1023 2241 hostes
1036 2189 1166 2257 (28).
1229 2190 1422 2238 Maxime
1453 2207 1562 2241 vero

278 2272 572 2340 popularibus
583 2272 674 2321 suis
688 2272 956 2337 gratificatus
972 2279 1064 2332 est,
1084 2269 1446 2336 Athenarumque
1459 2270 1564 2317 lau·

1483 2350 1561 2401 des

327 2457 421 2506 (24)
471 2454 675 2496 Heraclia.
699 2466 759 2496 vs.
789 2456 873 2496 131.

325 2533 419 2580 (25)
475 2530 617 2571 Troad.
644 2546 728 2584 2¹9·

324 2608 417 2659 (αὸ)
467 2607 674 2647 Heraclid.
699 2610 786 2649 380.

319 2688 410 2736 (27)
468 2683 610 2724 Troad.
639 2685 723 2724 208.

310 2763 403 2811 (28)
459 2762 658 2816 SupplIces
682 2763 756 2804 332
782 2776 863 2815 sqq.
